% ═══════════════════════════════════════════════════════════════════════════
% Enhanced Bibliography - Auto-Generated
% ═══════════════════════════════════════════════════════════════════════════
%
% This file contains IEEE-formatted citations extracted from academic databases.
% Generated by: .dev_tools/research/bibtex_generator.py
% Format: IEEE
%
% Key Convention: topic_authorYear_shortTitle
%   Examples:
%     - smc_slotine1991_applied_nonlinear_control
%     - pso_kennedy1995_particle_swarm
%     - dip_khalil2002_nonlinear_systems
%
% ═══════════════════════════════════════════════════════════════════════════

@article{ref_balestrino2023_fiscal_treatment_family,
    author = {Alessandro Balestrino},
    title = {{The Fiscal Treatment of Family Size: A Further Look}},
    journal = {Unknown},
    year = {2023},
    doi = {10.1007/978-3-031-28170-9_6},
    url = {https://doi.org/10.1007/978-3-031-28170-9_6},
}

@article{ref_balestrino2023_fiscal_treatment_family_10,
    author = {Alessandro Balestrino},
    title = {{The Fiscal Treatment of Family Size: A Further Look}},
    journal = {Unknown},
    year = {2023},
    doi = {10.1007/978-3-031-28170-9_6},
    url = {https://doi.org/10.1007/978-3-031-28170-9_6},
}

@article{ref_balestrino2023_fiscal_treatment_family_11,
    author = {Alessandro Balestrino},
    title = {{The Fiscal Treatment of Family Size: A Further Look}},
    journal = {Unknown},
    year = {2023},
    doi = {10.1007/978-3-031-28170-9_6},
    url = {https://doi.org/10.1007/978-3-031-28170-9_6},
}

@article{ref_balestrino2023_fiscal_treatment_family_12,
    author = {Alessandro Balestrino},
    title = {{The Fiscal Treatment of Family Size: A Further Look}},
    journal = {Unknown},
    year = {2023},
    doi = {10.1007/978-3-031-28170-9_6},
    url = {https://doi.org/10.1007/978-3-031-28170-9_6},
}

@article{ref_balestrino2023_fiscal_treatment_family_13,
    author = {Alessandro Balestrino},
    title = {{The Fiscal Treatment of Family Size: A Further Look}},
    journal = {Unknown},
    year = {2023},
    doi = {10.1007/978-3-031-28170-9_6},
    url = {https://doi.org/10.1007/978-3-031-28170-9_6},
}

@article{ref_balestrino2023_fiscal_treatment_family_14,
    author = {Alessandro Balestrino},
    title = {{The Fiscal Treatment of Family Size: A Further Look}},
    journal = {Unknown},
    year = {2023},
    doi = {10.1007/978-3-031-28170-9_6},
    url = {https://doi.org/10.1007/978-3-031-28170-9_6},
}

@article{ref_balestrino2023_fiscal_treatment_family_15,
    author = {Alessandro Balestrino},
    title = {{The Fiscal Treatment of Family Size: A Further Look}},
    journal = {Unknown},
    year = {2023},
    doi = {10.1007/978-3-031-28170-9_6},
    url = {https://doi.org/10.1007/978-3-031-28170-9_6},
}

@article{ref_balestrino2023_fiscal_treatment_family_16,
    author = {Alessandro Balestrino},
    title = {{The Fiscal Treatment of Family Size: A Further Look}},
    journal = {Unknown},
    year = {2023},
    doi = {10.1007/978-3-031-28170-9_6},
    url = {https://doi.org/10.1007/978-3-031-28170-9_6},
}

@article{ref_balestrino2023_fiscal_treatment_family_17,
    author = {Alessandro Balestrino},
    title = {{The Fiscal Treatment of Family Size: A Further Look}},
    journal = {Unknown},
    year = {2023},
    doi = {10.1007/978-3-031-28170-9_6},
    url = {https://doi.org/10.1007/978-3-031-28170-9_6},
}

@article{ref_balestrino2023_fiscal_treatment_family_18,
    author = {Alessandro Balestrino},
    title = {{The Fiscal Treatment of Family Size: A Further Look}},
    journal = {Unknown},
    year = {2023},
    doi = {10.1007/978-3-031-28170-9_6},
    url = {https://doi.org/10.1007/978-3-031-28170-9_6},
}

@article{ref_balestrino2023_fiscal_treatment_family_19,
    author = {Alessandro Balestrino},
    title = {{The Fiscal Treatment of Family Size: A Further Look}},
    journal = {Unknown},
    year = {2023},
    doi = {10.1007/978-3-031-28170-9_6},
    url = {https://doi.org/10.1007/978-3-031-28170-9_6},
}

@article{ref_balestrino2023_fiscal_treatment_family_2,
    author = {Alessandro Balestrino},
    title = {{The Fiscal Treatment of Family Size: A Further Look}},
    journal = {Unknown},
    year = {2023},
    doi = {10.1007/978-3-031-28170-9_6},
    url = {https://doi.org/10.1007/978-3-031-28170-9_6},
}

@article{ref_balestrino2023_fiscal_treatment_family_20,
    author = {Alessandro Balestrino},
    title = {{The Fiscal Treatment of Family Size: A Further Look}},
    journal = {Unknown},
    year = {2023},
    doi = {10.1007/978-3-031-28170-9_6},
    url = {https://doi.org/10.1007/978-3-031-28170-9_6},
}

@article{ref_balestrino2023_fiscal_treatment_family_21,
    author = {Alessandro Balestrino},
    title = {{The Fiscal Treatment of Family Size: A Further Look}},
    journal = {Unknown},
    year = {2023},
    doi = {10.1007/978-3-031-28170-9_6},
    url = {https://doi.org/10.1007/978-3-031-28170-9_6},
}

@article{ref_balestrino2023_fiscal_treatment_family_22,
    author = {Alessandro Balestrino},
    title = {{The Fiscal Treatment of Family Size: A Further Look}},
    journal = {Unknown},
    year = {2023},
    doi = {10.1007/978-3-031-28170-9_6},
    url = {https://doi.org/10.1007/978-3-031-28170-9_6},
}

@article{ref_balestrino2023_fiscal_treatment_family_23,
    author = {Alessandro Balestrino},
    title = {{The Fiscal Treatment of Family Size: A Further Look}},
    journal = {Unknown},
    year = {2023},
    doi = {10.1007/978-3-031-28170-9_6},
    url = {https://doi.org/10.1007/978-3-031-28170-9_6},
}

@article{ref_balestrino2023_fiscal_treatment_family_24,
    author = {Alessandro Balestrino},
    title = {{The Fiscal Treatment of Family Size: A Further Look}},
    journal = {Unknown},
    year = {2023},
    doi = {10.1007/978-3-031-28170-9_6},
    url = {https://doi.org/10.1007/978-3-031-28170-9_6},
}

@article{ref_balestrino2023_fiscal_treatment_family_25,
    author = {Alessandro Balestrino},
    title = {{The Fiscal Treatment of Family Size: A Further Look}},
    journal = {Unknown},
    year = {2023},
    doi = {10.1007/978-3-031-28170-9_6},
    url = {https://doi.org/10.1007/978-3-031-28170-9_6},
}

@article{ref_balestrino2023_fiscal_treatment_family_26,
    author = {Alessandro Balestrino},
    title = {{The Fiscal Treatment of Family Size: A Further Look}},
    journal = {Unknown},
    year = {2023},
    doi = {10.1007/978-3-031-28170-9_6},
    url = {https://doi.org/10.1007/978-3-031-28170-9_6},
}

@article{ref_balestrino2023_fiscal_treatment_family_27,
    author = {Alessandro Balestrino},
    title = {{The Fiscal Treatment of Family Size: A Further Look}},
    journal = {Unknown},
    year = {2023},
    doi = {10.1007/978-3-031-28170-9_6},
    url = {https://doi.org/10.1007/978-3-031-28170-9_6},
}

@article{ref_balestrino2023_fiscal_treatment_family_28,
    author = {Alessandro Balestrino},
    title = {{The Fiscal Treatment of Family Size: A Further Look}},
    journal = {Unknown},
    year = {2023},
    doi = {10.1007/978-3-031-28170-9_6},
    url = {https://doi.org/10.1007/978-3-031-28170-9_6},
}

@article{ref_balestrino2023_fiscal_treatment_family_29,
    author = {Alessandro Balestrino},
    title = {{The Fiscal Treatment of Family Size: A Further Look}},
    journal = {Unknown},
    year = {2023},
    doi = {10.1007/978-3-031-28170-9_6},
    url = {https://doi.org/10.1007/978-3-031-28170-9_6},
}

@article{ref_balestrino2023_fiscal_treatment_family_3,
    author = {Alessandro Balestrino},
    title = {{The Fiscal Treatment of Family Size: A Further Look}},
    journal = {Unknown},
    year = {2023},
    doi = {10.1007/978-3-031-28170-9_6},
    url = {https://doi.org/10.1007/978-3-031-28170-9_6},
}

@article{ref_balestrino2023_fiscal_treatment_family_30,
    author = {Alessandro Balestrino},
    title = {{The Fiscal Treatment of Family Size: A Further Look}},
    journal = {Unknown},
    year = {2023},
    doi = {10.1007/978-3-031-28170-9_6},
    url = {https://doi.org/10.1007/978-3-031-28170-9_6},
}

@article{ref_balestrino2023_fiscal_treatment_family_31,
    author = {Alessandro Balestrino},
    title = {{The Fiscal Treatment of Family Size: A Further Look}},
    journal = {Unknown},
    year = {2023},
    doi = {10.1007/978-3-031-28170-9_6},
    url = {https://doi.org/10.1007/978-3-031-28170-9_6},
}

@article{ref_balestrino2023_fiscal_treatment_family_32,
    author = {Alessandro Balestrino},
    title = {{The Fiscal Treatment of Family Size: A Further Look}},
    journal = {Unknown},
    year = {2023},
    doi = {10.1007/978-3-031-28170-9_6},
    url = {https://doi.org/10.1007/978-3-031-28170-9_6},
}

@article{ref_balestrino2023_fiscal_treatment_family_33,
    author = {Alessandro Balestrino},
    title = {{The Fiscal Treatment of Family Size: A Further Look}},
    journal = {Unknown},
    year = {2023},
    doi = {10.1007/978-3-031-28170-9_6},
    url = {https://doi.org/10.1007/978-3-031-28170-9_6},
}

@article{ref_balestrino2023_fiscal_treatment_family_34,
    author = {Alessandro Balestrino},
    title = {{The Fiscal Treatment of Family Size: A Further Look}},
    journal = {Unknown},
    year = {2023},
    doi = {10.1007/978-3-031-28170-9_6},
    url = {https://doi.org/10.1007/978-3-031-28170-9_6},
}

@article{ref_balestrino2023_fiscal_treatment_family_35,
    author = {Alessandro Balestrino},
    title = {{The Fiscal Treatment of Family Size: A Further Look}},
    journal = {Unknown},
    year = {2023},
    doi = {10.1007/978-3-031-28170-9_6},
    url = {https://doi.org/10.1007/978-3-031-28170-9_6},
}

@article{ref_balestrino2023_fiscal_treatment_family_36,
    author = {Alessandro Balestrino},
    title = {{The Fiscal Treatment of Family Size: A Further Look}},
    journal = {Unknown},
    year = {2023},
    doi = {10.1007/978-3-031-28170-9_6},
    url = {https://doi.org/10.1007/978-3-031-28170-9_6},
}

@article{ref_balestrino2023_fiscal_treatment_family_37,
    author = {Alessandro Balestrino},
    title = {{The Fiscal Treatment of Family Size: A Further Look}},
    journal = {Unknown},
    year = {2023},
    doi = {10.1007/978-3-031-28170-9_6},
    url = {https://doi.org/10.1007/978-3-031-28170-9_6},
}

@article{ref_balestrino2023_fiscal_treatment_family_38,
    author = {Alessandro Balestrino},
    title = {{The Fiscal Treatment of Family Size: A Further Look}},
    journal = {Unknown},
    year = {2023},
    doi = {10.1007/978-3-031-28170-9_6},
    url = {https://doi.org/10.1007/978-3-031-28170-9_6},
}

@article{ref_balestrino2023_fiscal_treatment_family_39,
    author = {Alessandro Balestrino},
    title = {{The Fiscal Treatment of Family Size: A Further Look}},
    journal = {Unknown},
    year = {2023},
    doi = {10.1007/978-3-031-28170-9_6},
    url = {https://doi.org/10.1007/978-3-031-28170-9_6},
}

@article{ref_balestrino2023_fiscal_treatment_family_4,
    author = {Alessandro Balestrino},
    title = {{The Fiscal Treatment of Family Size: A Further Look}},
    journal = {Unknown},
    year = {2023},
    doi = {10.1007/978-3-031-28170-9_6},
    url = {https://doi.org/10.1007/978-3-031-28170-9_6},
}

@article{ref_balestrino2023_fiscal_treatment_family_40,
    author = {Alessandro Balestrino},
    title = {{The Fiscal Treatment of Family Size: A Further Look}},
    journal = {Unknown},
    year = {2023},
    doi = {10.1007/978-3-031-28170-9_6},
    url = {https://doi.org/10.1007/978-3-031-28170-9_6},
}

@article{ref_balestrino2023_fiscal_treatment_family_41,
    author = {Alessandro Balestrino},
    title = {{The Fiscal Treatment of Family Size: A Further Look}},
    journal = {Unknown},
    year = {2023},
    doi = {10.1007/978-3-031-28170-9_6},
    url = {https://doi.org/10.1007/978-3-031-28170-9_6},
}

@article{ref_balestrino2023_fiscal_treatment_family_42,
    author = {Alessandro Balestrino},
    title = {{The Fiscal Treatment of Family Size: A Further Look}},
    journal = {Unknown},
    year = {2023},
    doi = {10.1007/978-3-031-28170-9_6},
    url = {https://doi.org/10.1007/978-3-031-28170-9_6},
}

@article{ref_balestrino2023_fiscal_treatment_family_43,
    author = {Alessandro Balestrino},
    title = {{The Fiscal Treatment of Family Size: A Further Look}},
    journal = {Unknown},
    year = {2023},
    doi = {10.1007/978-3-031-28170-9_6},
    url = {https://doi.org/10.1007/978-3-031-28170-9_6},
}

@article{ref_balestrino2023_fiscal_treatment_family_44,
    author = {Alessandro Balestrino},
    title = {{The Fiscal Treatment of Family Size: A Further Look}},
    journal = {Unknown},
    year = {2023},
    doi = {10.1007/978-3-031-28170-9_6},
    url = {https://doi.org/10.1007/978-3-031-28170-9_6},
}

@article{ref_balestrino2023_fiscal_treatment_family_45,
    author = {Alessandro Balestrino},
    title = {{The Fiscal Treatment of Family Size: A Further Look}},
    journal = {Unknown},
    year = {2023},
    doi = {10.1007/978-3-031-28170-9_6},
    url = {https://doi.org/10.1007/978-3-031-28170-9_6},
}

@article{ref_balestrino2023_fiscal_treatment_family_46,
    author = {Alessandro Balestrino},
    title = {{The Fiscal Treatment of Family Size: A Further Look}},
    journal = {Unknown},
    year = {2023},
    doi = {10.1007/978-3-031-28170-9_6},
    url = {https://doi.org/10.1007/978-3-031-28170-9_6},
}

@article{ref_balestrino2023_fiscal_treatment_family_47,
    author = {Alessandro Balestrino},
    title = {{The Fiscal Treatment of Family Size: A Further Look}},
    journal = {Unknown},
    year = {2023},
    doi = {10.1007/978-3-031-28170-9_6},
    url = {https://doi.org/10.1007/978-3-031-28170-9_6},
}

@article{ref_balestrino2023_fiscal_treatment_family_48,
    author = {Alessandro Balestrino},
    title = {{The Fiscal Treatment of Family Size: A Further Look}},
    journal = {Unknown},
    year = {2023},
    doi = {10.1007/978-3-031-28170-9_6},
    url = {https://doi.org/10.1007/978-3-031-28170-9_6},
}

@article{ref_balestrino2023_fiscal_treatment_family_49,
    author = {Alessandro Balestrino},
    title = {{The Fiscal Treatment of Family Size: A Further Look}},
    journal = {Unknown},
    year = {2023},
    doi = {10.1007/978-3-031-28170-9_6},
    url = {https://doi.org/10.1007/978-3-031-28170-9_6},
}

@article{ref_balestrino2023_fiscal_treatment_family_5,
    author = {Alessandro Balestrino},
    title = {{The Fiscal Treatment of Family Size: A Further Look}},
    journal = {Unknown},
    year = {2023},
    doi = {10.1007/978-3-031-28170-9_6},
    url = {https://doi.org/10.1007/978-3-031-28170-9_6},
}

@article{ref_balestrino2023_fiscal_treatment_family_50,
    author = {Alessandro Balestrino},
    title = {{The Fiscal Treatment of Family Size: A Further Look}},
    journal = {Unknown},
    year = {2023},
    doi = {10.1007/978-3-031-28170-9_6},
    url = {https://doi.org/10.1007/978-3-031-28170-9_6},
}

@article{ref_balestrino2023_fiscal_treatment_family_51,
    author = {Alessandro Balestrino},
    title = {{The Fiscal Treatment of Family Size: A Further Look}},
    journal = {Unknown},
    year = {2023},
    doi = {10.1007/978-3-031-28170-9_6},
    url = {https://doi.org/10.1007/978-3-031-28170-9_6},
}

@article{ref_balestrino2023_fiscal_treatment_family_52,
    author = {Alessandro Balestrino},
    title = {{The Fiscal Treatment of Family Size: A Further Look}},
    journal = {Unknown},
    year = {2023},
    doi = {10.1007/978-3-031-28170-9_6},
    url = {https://doi.org/10.1007/978-3-031-28170-9_6},
}

@article{ref_balestrino2023_fiscal_treatment_family_53,
    author = {Alessandro Balestrino},
    title = {{The Fiscal Treatment of Family Size: A Further Look}},
    journal = {Unknown},
    year = {2023},
    doi = {10.1007/978-3-031-28170-9_6},
    url = {https://doi.org/10.1007/978-3-031-28170-9_6},
}

@article{ref_balestrino2023_fiscal_treatment_family_54,
    author = {Alessandro Balestrino},
    title = {{The Fiscal Treatment of Family Size: A Further Look}},
    journal = {Unknown},
    year = {2023},
    doi = {10.1007/978-3-031-28170-9_6},
    url = {https://doi.org/10.1007/978-3-031-28170-9_6},
}

@article{ref_balestrino2023_fiscal_treatment_family_55,
    author = {Alessandro Balestrino},
    title = {{The Fiscal Treatment of Family Size: A Further Look}},
    journal = {Unknown},
    year = {2023},
    doi = {10.1007/978-3-031-28170-9_6},
    url = {https://doi.org/10.1007/978-3-031-28170-9_6},
}

@article{ref_balestrino2023_fiscal_treatment_family_56,
    author = {Alessandro Balestrino},
    title = {{The Fiscal Treatment of Family Size: A Further Look}},
    journal = {Unknown},
    year = {2023},
    doi = {10.1007/978-3-031-28170-9_6},
    url = {https://doi.org/10.1007/978-3-031-28170-9_6},
}

@article{ref_balestrino2023_fiscal_treatment_family_57,
    author = {Alessandro Balestrino},
    title = {{The Fiscal Treatment of Family Size: A Further Look}},
    journal = {Unknown},
    year = {2023},
    doi = {10.1007/978-3-031-28170-9_6},
    url = {https://doi.org/10.1007/978-3-031-28170-9_6},
}

@article{ref_balestrino2023_fiscal_treatment_family_58,
    author = {Alessandro Balestrino},
    title = {{The Fiscal Treatment of Family Size: A Further Look}},
    journal = {Unknown},
    year = {2023},
    doi = {10.1007/978-3-031-28170-9_6},
    url = {https://doi.org/10.1007/978-3-031-28170-9_6},
}

@article{ref_balestrino2023_fiscal_treatment_family_59,
    author = {Alessandro Balestrino},
    title = {{The Fiscal Treatment of Family Size: A Further Look}},
    journal = {Unknown},
    year = {2023},
    doi = {10.1007/978-3-031-28170-9_6},
    url = {https://doi.org/10.1007/978-3-031-28170-9_6},
}

@article{ref_balestrino2023_fiscal_treatment_family_6,
    author = {Alessandro Balestrino},
    title = {{The Fiscal Treatment of Family Size: A Further Look}},
    journal = {Unknown},
    year = {2023},
    doi = {10.1007/978-3-031-28170-9_6},
    url = {https://doi.org/10.1007/978-3-031-28170-9_6},
}

@article{ref_balestrino2023_fiscal_treatment_family_60,
    author = {Alessandro Balestrino},
    title = {{The Fiscal Treatment of Family Size: A Further Look}},
    journal = {Unknown},
    year = {2023},
    doi = {10.1007/978-3-031-28170-9_6},
    url = {https://doi.org/10.1007/978-3-031-28170-9_6},
}

@article{ref_balestrino2023_fiscal_treatment_family_61,
    author = {Alessandro Balestrino},
    title = {{The Fiscal Treatment of Family Size: A Further Look}},
    journal = {Unknown},
    year = {2023},
    doi = {10.1007/978-3-031-28170-9_6},
    url = {https://doi.org/10.1007/978-3-031-28170-9_6},
}

@article{ref_balestrino2023_fiscal_treatment_family_62,
    author = {Alessandro Balestrino},
    title = {{The Fiscal Treatment of Family Size: A Further Look}},
    journal = {Unknown},
    year = {2023},
    doi = {10.1007/978-3-031-28170-9_6},
    url = {https://doi.org/10.1007/978-3-031-28170-9_6},
}

@article{ref_balestrino2023_fiscal_treatment_family_63,
    author = {Alessandro Balestrino},
    title = {{The Fiscal Treatment of Family Size: A Further Look}},
    journal = {Unknown},
    year = {2023},
    doi = {10.1007/978-3-031-28170-9_6},
    url = {https://doi.org/10.1007/978-3-031-28170-9_6},
}

@article{ref_balestrino2023_fiscal_treatment_family_64,
    author = {Alessandro Balestrino},
    title = {{The Fiscal Treatment of Family Size: A Further Look}},
    journal = {Unknown},
    year = {2023},
    doi = {10.1007/978-3-031-28170-9_6},
    url = {https://doi.org/10.1007/978-3-031-28170-9_6},
}

@article{ref_balestrino2023_fiscal_treatment_family_65,
    author = {Alessandro Balestrino},
    title = {{The Fiscal Treatment of Family Size: A Further Look}},
    journal = {Unknown},
    year = {2023},
    doi = {10.1007/978-3-031-28170-9_6},
    url = {https://doi.org/10.1007/978-3-031-28170-9_6},
}

@article{ref_balestrino2023_fiscal_treatment_family_66,
    author = {Alessandro Balestrino},
    title = {{The Fiscal Treatment of Family Size: A Further Look}},
    journal = {Unknown},
    year = {2023},
    doi = {10.1007/978-3-031-28170-9_6},
    url = {https://doi.org/10.1007/978-3-031-28170-9_6},
}

@article{ref_balestrino2023_fiscal_treatment_family_67,
    author = {Alessandro Balestrino},
    title = {{The Fiscal Treatment of Family Size: A Further Look}},
    journal = {Unknown},
    year = {2023},
    doi = {10.1007/978-3-031-28170-9_6},
    url = {https://doi.org/10.1007/978-3-031-28170-9_6},
}

@article{ref_balestrino2023_fiscal_treatment_family_68,
    author = {Alessandro Balestrino},
    title = {{The Fiscal Treatment of Family Size: A Further Look}},
    journal = {Unknown},
    year = {2023},
    doi = {10.1007/978-3-031-28170-9_6},
    url = {https://doi.org/10.1007/978-3-031-28170-9_6},
}

@article{ref_balestrino2023_fiscal_treatment_family_69,
    author = {Alessandro Balestrino},
    title = {{The Fiscal Treatment of Family Size: A Further Look}},
    journal = {Unknown},
    year = {2023},
    doi = {10.1007/978-3-031-28170-9_6},
    url = {https://doi.org/10.1007/978-3-031-28170-9_6},
}

@article{ref_balestrino2023_fiscal_treatment_family_7,
    author = {Alessandro Balestrino},
    title = {{The Fiscal Treatment of Family Size: A Further Look}},
    journal = {Unknown},
    year = {2023},
    doi = {10.1007/978-3-031-28170-9_6},
    url = {https://doi.org/10.1007/978-3-031-28170-9_6},
}

@article{ref_balestrino2023_fiscal_treatment_family_70,
    author = {Alessandro Balestrino},
    title = {{The Fiscal Treatment of Family Size: A Further Look}},
    journal = {Unknown},
    year = {2023},
    doi = {10.1007/978-3-031-28170-9_6},
    url = {https://doi.org/10.1007/978-3-031-28170-9_6},
}

@article{ref_balestrino2023_fiscal_treatment_family_71,
    author = {Alessandro Balestrino},
    title = {{The Fiscal Treatment of Family Size: A Further Look}},
    journal = {Unknown},
    year = {2023},
    doi = {10.1007/978-3-031-28170-9_6},
    url = {https://doi.org/10.1007/978-3-031-28170-9_6},
}

@article{ref_balestrino2023_fiscal_treatment_family_72,
    author = {Alessandro Balestrino},
    title = {{The Fiscal Treatment of Family Size: A Further Look}},
    journal = {Unknown},
    year = {2023},
    doi = {10.1007/978-3-031-28170-9_6},
    url = {https://doi.org/10.1007/978-3-031-28170-9_6},
}

@article{ref_balestrino2023_fiscal_treatment_family_73,
    author = {Alessandro Balestrino},
    title = {{The Fiscal Treatment of Family Size: A Further Look}},
    journal = {Unknown},
    year = {2023},
    doi = {10.1007/978-3-031-28170-9_6},
    url = {https://doi.org/10.1007/978-3-031-28170-9_6},
}

@article{ref_balestrino2023_fiscal_treatment_family_74,
    author = {Alessandro Balestrino},
    title = {{The Fiscal Treatment of Family Size: A Further Look}},
    journal = {Unknown},
    year = {2023},
    doi = {10.1007/978-3-031-28170-9_6},
    url = {https://doi.org/10.1007/978-3-031-28170-9_6},
}

@article{ref_balestrino2023_fiscal_treatment_family_75,
    author = {Alessandro Balestrino},
    title = {{The Fiscal Treatment of Family Size: A Further Look}},
    journal = {Unknown},
    year = {2023},
    doi = {10.1007/978-3-031-28170-9_6},
    url = {https://doi.org/10.1007/978-3-031-28170-9_6},
}

@article{ref_balestrino2023_fiscal_treatment_family_76,
    author = {Alessandro Balestrino},
    title = {{The Fiscal Treatment of Family Size: A Further Look}},
    journal = {Unknown},
    year = {2023},
    doi = {10.1007/978-3-031-28170-9_6},
    url = {https://doi.org/10.1007/978-3-031-28170-9_6},
}

@article{ref_balestrino2023_fiscal_treatment_family_77,
    author = {Alessandro Balestrino},
    title = {{The Fiscal Treatment of Family Size: A Further Look}},
    journal = {Unknown},
    year = {2023},
    doi = {10.1007/978-3-031-28170-9_6},
    url = {https://doi.org/10.1007/978-3-031-28170-9_6},
}

@article{ref_balestrino2023_fiscal_treatment_family_78,
    author = {Alessandro Balestrino},
    title = {{The Fiscal Treatment of Family Size: A Further Look}},
    journal = {Unknown},
    year = {2023},
    doi = {10.1007/978-3-031-28170-9_6},
    url = {https://doi.org/10.1007/978-3-031-28170-9_6},
}

@article{ref_balestrino2023_fiscal_treatment_family_79,
    author = {Alessandro Balestrino},
    title = {{The Fiscal Treatment of Family Size: A Further Look}},
    journal = {Unknown},
    year = {2023},
    doi = {10.1007/978-3-031-28170-9_6},
    url = {https://doi.org/10.1007/978-3-031-28170-9_6},
}

@article{ref_balestrino2023_fiscal_treatment_family_8,
    author = {Alessandro Balestrino},
    title = {{The Fiscal Treatment of Family Size: A Further Look}},
    journal = {Unknown},
    year = {2023},
    doi = {10.1007/978-3-031-28170-9_6},
    url = {https://doi.org/10.1007/978-3-031-28170-9_6},
}

@article{ref_balestrino2023_fiscal_treatment_family_80,
    author = {Alessandro Balestrino},
    title = {{The Fiscal Treatment of Family Size: A Further Look}},
    journal = {Unknown},
    year = {2023},
    doi = {10.1007/978-3-031-28170-9_6},
    url = {https://doi.org/10.1007/978-3-031-28170-9_6},
}

@article{ref_balestrino2023_fiscal_treatment_family_81,
    author = {Alessandro Balestrino},
    title = {{The Fiscal Treatment of Family Size: A Further Look}},
    journal = {Unknown},
    year = {2023},
    doi = {10.1007/978-3-031-28170-9_6},
    url = {https://doi.org/10.1007/978-3-031-28170-9_6},
}

@article{ref_balestrino2023_fiscal_treatment_family_82,
    author = {Alessandro Balestrino},
    title = {{The Fiscal Treatment of Family Size: A Further Look}},
    journal = {Unknown},
    year = {2023},
    doi = {10.1007/978-3-031-28170-9_6},
    url = {https://doi.org/10.1007/978-3-031-28170-9_6},
}

@article{ref_balestrino2023_fiscal_treatment_family_83,
    author = {Alessandro Balestrino},
    title = {{The Fiscal Treatment of Family Size: A Further Look}},
    journal = {Unknown},
    year = {2023},
    doi = {10.1007/978-3-031-28170-9_6},
    url = {https://doi.org/10.1007/978-3-031-28170-9_6},
}

@article{ref_balestrino2023_fiscal_treatment_family_84,
    author = {Alessandro Balestrino},
    title = {{The Fiscal Treatment of Family Size: A Further Look}},
    journal = {Unknown},
    year = {2023},
    doi = {10.1007/978-3-031-28170-9_6},
    url = {https://doi.org/10.1007/978-3-031-28170-9_6},
}

@article{ref_balestrino2023_fiscal_treatment_family_85,
    author = {Alessandro Balestrino},
    title = {{The Fiscal Treatment of Family Size: A Further Look}},
    journal = {Unknown},
    year = {2023},
    doi = {10.1007/978-3-031-28170-9_6},
    url = {https://doi.org/10.1007/978-3-031-28170-9_6},
}

@article{ref_balestrino2023_fiscal_treatment_family_86,
    author = {Alessandro Balestrino},
    title = {{The Fiscal Treatment of Family Size: A Further Look}},
    journal = {Unknown},
    year = {2023},
    doi = {10.1007/978-3-031-28170-9_6},
    url = {https://doi.org/10.1007/978-3-031-28170-9_6},
}

@article{ref_balestrino2023_fiscal_treatment_family_87,
    author = {Alessandro Balestrino},
    title = {{The Fiscal Treatment of Family Size: A Further Look}},
    journal = {Unknown},
    year = {2023},
    doi = {10.1007/978-3-031-28170-9_6},
    url = {https://doi.org/10.1007/978-3-031-28170-9_6},
}

@article{ref_balestrino2023_fiscal_treatment_family_88,
    author = {Alessandro Balestrino},
    title = {{The Fiscal Treatment of Family Size: A Further Look}},
    journal = {Unknown},
    year = {2023},
    doi = {10.1007/978-3-031-28170-9_6},
    url = {https://doi.org/10.1007/978-3-031-28170-9_6},
}

@article{ref_balestrino2023_fiscal_treatment_family_89,
    author = {Alessandro Balestrino},
    title = {{The Fiscal Treatment of Family Size: A Further Look}},
    journal = {Unknown},
    year = {2023},
    doi = {10.1007/978-3-031-28170-9_6},
    url = {https://doi.org/10.1007/978-3-031-28170-9_6},
}

@article{ref_balestrino2023_fiscal_treatment_family_9,
    author = {Alessandro Balestrino},
    title = {{The Fiscal Treatment of Family Size: A Further Look}},
    journal = {Unknown},
    year = {2023},
    doi = {10.1007/978-3-031-28170-9_6},
    url = {https://doi.org/10.1007/978-3-031-28170-9_6},
}

@article{ref_balestrino2023_fiscal_treatment_family_90,
    author = {Alessandro Balestrino},
    title = {{The Fiscal Treatment of Family Size: A Further Look}},
    journal = {Unknown},
    year = {2023},
    doi = {10.1007/978-3-031-28170-9_6},
    url = {https://doi.org/10.1007/978-3-031-28170-9_6},
}

@article{ref_balestrino2023_fiscal_treatment_family_91,
    author = {Alessandro Balestrino},
    title = {{The Fiscal Treatment of Family Size: A Further Look}},
    journal = {Unknown},
    year = {2023},
    doi = {10.1007/978-3-031-28170-9_6},
    url = {https://doi.org/10.1007/978-3-031-28170-9_6},
}

@article{ref_balestrino2023_fiscal_treatment_family_92,
    author = {Alessandro Balestrino},
    title = {{The Fiscal Treatment of Family Size: A Further Look}},
    journal = {Unknown},
    year = {2023},
    doi = {10.1007/978-3-031-28170-9_6},
    url = {https://doi.org/10.1007/978-3-031-28170-9_6},
}

@article{ref_balestrino2023_fiscal_treatment_family_93,
    author = {Alessandro Balestrino},
    title = {{The Fiscal Treatment of Family Size: A Further Look}},
    journal = {Unknown},
    year = {2023},
    doi = {10.1007/978-3-031-28170-9_6},
    url = {https://doi.org/10.1007/978-3-031-28170-9_6},
}

@article{ref_balestrino2023_fiscal_treatment_family_94,
    author = {Alessandro Balestrino},
    title = {{The Fiscal Treatment of Family Size: A Further Look}},
    journal = {Unknown},
    year = {2023},
    doi = {10.1007/978-3-031-28170-9_6},
    url = {https://doi.org/10.1007/978-3-031-28170-9_6},
}

@article{ref_balestrino2023_fiscal_treatment_family_95,
    author = {Alessandro Balestrino},
    title = {{The Fiscal Treatment of Family Size: A Further Look}},
    journal = {Unknown},
    year = {2023},
    doi = {10.1007/978-3-031-28170-9_6},
    url = {https://doi.org/10.1007/978-3-031-28170-9_6},
}

@article{ref_balestrino2023_fiscal_treatment_family_96,
    author = {Alessandro Balestrino},
    title = {{The Fiscal Treatment of Family Size: A Further Look}},
    journal = {Unknown},
    year = {2023},
    doi = {10.1007/978-3-031-28170-9_6},
    url = {https://doi.org/10.1007/978-3-031-28170-9_6},
}

@article{ref_balestrino2023_fiscal_treatment_family_97,
    author = {Alessandro Balestrino},
    title = {{The Fiscal Treatment of Family Size: A Further Look}},
    journal = {Unknown},
    year = {2023},
    doi = {10.1007/978-3-031-28170-9_6},
    url = {https://doi.org/10.1007/978-3-031-28170-9_6},
}

@article{ref_balestrino2023_fiscal_treatment_family_98,
    author = {Alessandro Balestrino},
    title = {{The Fiscal Treatment of Family Size: A Further Look}},
    journal = {Unknown},
    year = {2023},
    doi = {10.1007/978-3-031-28170-9_6},
    url = {https://doi.org/10.1007/978-3-031-28170-9_6},
}

@article{ref_unknown2024_loot_crates,
    author = {Anonymous},
    title = {{Loot Crates}},
    journal = {Unknown},
    year = {2024},
    doi = {10.1007/978-3-031-23161-2_300726},
    url = {https://doi.org/10.1007/978-3-031-23161-2_300726},
}

@article{ref_unknown2024_loot_crates_10,
    author = {Anonymous},
    title = {{Loot Crates}},
    journal = {Unknown},
    year = {2024},
    doi = {10.1007/978-3-031-23161-2_300726},
    url = {https://doi.org/10.1007/978-3-031-23161-2_300726},
}

@article{ref_unknown2024_loot_crates_11,
    author = {Anonymous},
    title = {{Loot Crates}},
    journal = {Unknown},
    year = {2024},
    doi = {10.1007/978-3-031-23161-2_300726},
    url = {https://doi.org/10.1007/978-3-031-23161-2_300726},
}

@article{ref_unknown2024_loot_crates_12,
    author = {Anonymous},
    title = {{Loot Crates}},
    journal = {Unknown},
    year = {2024},
    doi = {10.1007/978-3-031-23161-2_300726},
    url = {https://doi.org/10.1007/978-3-031-23161-2_300726},
}

@article{ref_unknown2024_loot_crates_13,
    author = {Anonymous},
    title = {{Loot Crates}},
    journal = {Unknown},
    year = {2024},
    doi = {10.1007/978-3-031-23161-2_300726},
    url = {https://doi.org/10.1007/978-3-031-23161-2_300726},
}

@article{ref_unknown2024_loot_crates_14,
    author = {Anonymous},
    title = {{Loot Crates}},
    journal = {Unknown},
    year = {2024},
    doi = {10.1007/978-3-031-23161-2_300726},
    url = {https://doi.org/10.1007/978-3-031-23161-2_300726},
}

@article{ref_unknown2024_loot_crates_15,
    author = {Anonymous},
    title = {{Loot Crates}},
    journal = {Unknown},
    year = {2024},
    doi = {10.1007/978-3-031-23161-2_300726},
    url = {https://doi.org/10.1007/978-3-031-23161-2_300726},
}

@article{ref_unknown2024_loot_crates_16,
    author = {Anonymous},
    title = {{Loot Crates}},
    journal = {Unknown},
    year = {2024},
    doi = {10.1007/978-3-031-23161-2_300726},
    url = {https://doi.org/10.1007/978-3-031-23161-2_300726},
}

@article{ref_unknown2024_loot_crates_17,
    author = {Anonymous},
    title = {{Loot Crates}},
    journal = {Unknown},
    year = {2024},
    doi = {10.1007/978-3-031-23161-2_300726},
    url = {https://doi.org/10.1007/978-3-031-23161-2_300726},
}

@article{ref_unknown2024_loot_crates_18,
    author = {Anonymous},
    title = {{Loot Crates}},
    journal = {Unknown},
    year = {2024},
    doi = {10.1007/978-3-031-23161-2_300726},
    url = {https://doi.org/10.1007/978-3-031-23161-2_300726},
}

@article{ref_unknown2024_loot_crates_19,
    author = {Anonymous},
    title = {{Loot Crates}},
    journal = {Unknown},
    year = {2024},
    doi = {10.1007/978-3-031-23161-2_300726},
    url = {https://doi.org/10.1007/978-3-031-23161-2_300726},
}

@article{ref_unknown2024_loot_crates_2,
    author = {Anonymous},
    title = {{Loot Crates}},
    journal = {Unknown},
    year = {2024},
    doi = {10.1007/978-3-031-23161-2_300726},
    url = {https://doi.org/10.1007/978-3-031-23161-2_300726},
}

@article{ref_unknown2024_loot_crates_20,
    author = {Anonymous},
    title = {{Loot Crates}},
    journal = {Unknown},
    year = {2024},
    doi = {10.1007/978-3-031-23161-2_300726},
    url = {https://doi.org/10.1007/978-3-031-23161-2_300726},
}

@article{ref_unknown2024_loot_crates_21,
    author = {Anonymous},
    title = {{Loot Crates}},
    journal = {Unknown},
    year = {2024},
    doi = {10.1007/978-3-031-23161-2_300726},
    url = {https://doi.org/10.1007/978-3-031-23161-2_300726},
}

@article{ref_unknown2024_loot_crates_22,
    author = {Anonymous},
    title = {{Loot Crates}},
    journal = {Unknown},
    year = {2024},
    doi = {10.1007/978-3-031-23161-2_300726},
    url = {https://doi.org/10.1007/978-3-031-23161-2_300726},
}

@article{ref_unknown2024_loot_crates_23,
    author = {Anonymous},
    title = {{Loot Crates}},
    journal = {Unknown},
    year = {2024},
    doi = {10.1007/978-3-031-23161-2_300726},
    url = {https://doi.org/10.1007/978-3-031-23161-2_300726},
}

@article{ref_unknown2024_loot_crates_24,
    author = {Anonymous},
    title = {{Loot Crates}},
    journal = {Unknown},
    year = {2024},
    doi = {10.1007/978-3-031-23161-2_300726},
    url = {https://doi.org/10.1007/978-3-031-23161-2_300726},
}

@article{ref_unknown2024_loot_crates_25,
    author = {Anonymous},
    title = {{Loot Crates}},
    journal = {Unknown},
    year = {2024},
    doi = {10.1007/978-3-031-23161-2_300726},
    url = {https://doi.org/10.1007/978-3-031-23161-2_300726},
}

@article{ref_unknown2024_loot_crates_26,
    author = {Anonymous},
    title = {{Loot Crates}},
    journal = {Unknown},
    year = {2024},
    doi = {10.1007/978-3-031-23161-2_300726},
    url = {https://doi.org/10.1007/978-3-031-23161-2_300726},
}

@article{ref_unknown2024_loot_crates_27,
    author = {Anonymous},
    title = {{Loot Crates}},
    journal = {Unknown},
    year = {2024},
    doi = {10.1007/978-3-031-23161-2_300726},
    url = {https://doi.org/10.1007/978-3-031-23161-2_300726},
}

@article{ref_unknown2024_loot_crates_28,
    author = {Anonymous},
    title = {{Loot Crates}},
    journal = {Unknown},
    year = {2024},
    doi = {10.1007/978-3-031-23161-2_300726},
    url = {https://doi.org/10.1007/978-3-031-23161-2_300726},
}

@article{ref_unknown2024_loot_crates_29,
    author = {Anonymous},
    title = {{Loot Crates}},
    journal = {Unknown},
    year = {2024},
    doi = {10.1007/978-3-031-23161-2_300726},
    url = {https://doi.org/10.1007/978-3-031-23161-2_300726},
}

@article{ref_unknown2024_loot_crates_3,
    author = {Anonymous},
    title = {{Loot Crates}},
    journal = {Unknown},
    year = {2024},
    doi = {10.1007/978-3-031-23161-2_300726},
    url = {https://doi.org/10.1007/978-3-031-23161-2_300726},
}

@article{ref_unknown2024_loot_crates_30,
    author = {Anonymous},
    title = {{Loot Crates}},
    journal = {Unknown},
    year = {2024},
    doi = {10.1007/978-3-031-23161-2_300726},
    url = {https://doi.org/10.1007/978-3-031-23161-2_300726},
}

@article{ref_unknown2024_loot_crates_31,
    author = {Anonymous},
    title = {{Loot Crates}},
    journal = {Unknown},
    year = {2024},
    doi = {10.1007/978-3-031-23161-2_300726},
    url = {https://doi.org/10.1007/978-3-031-23161-2_300726},
}

@article{ref_unknown2024_loot_crates_32,
    author = {Anonymous},
    title = {{Loot Crates}},
    journal = {Unknown},
    year = {2024},
    doi = {10.1007/978-3-031-23161-2_300726},
    url = {https://doi.org/10.1007/978-3-031-23161-2_300726},
}

@article{ref_unknown2024_loot_crates_33,
    author = {Anonymous},
    title = {{Loot Crates}},
    journal = {Unknown},
    year = {2024},
    doi = {10.1007/978-3-031-23161-2_300726},
    url = {https://doi.org/10.1007/978-3-031-23161-2_300726},
}

@article{ref_unknown2024_loot_crates_34,
    author = {Anonymous},
    title = {{Loot Crates}},
    journal = {Unknown},
    year = {2024},
    doi = {10.1007/978-3-031-23161-2_300726},
    url = {https://doi.org/10.1007/978-3-031-23161-2_300726},
}

@article{ref_unknown2024_loot_crates_35,
    author = {Anonymous},
    title = {{Loot Crates}},
    journal = {Unknown},
    year = {2024},
    doi = {10.1007/978-3-031-23161-2_300726},
    url = {https://doi.org/10.1007/978-3-031-23161-2_300726},
}

@article{ref_unknown2024_loot_crates_36,
    author = {Anonymous},
    title = {{Loot Crates}},
    journal = {Unknown},
    year = {2024},
    doi = {10.1007/978-3-031-23161-2_300726},
    url = {https://doi.org/10.1007/978-3-031-23161-2_300726},
}

@article{ref_unknown2024_loot_crates_37,
    author = {Anonymous},
    title = {{Loot Crates}},
    journal = {Unknown},
    year = {2024},
    doi = {10.1007/978-3-031-23161-2_300726},
    url = {https://doi.org/10.1007/978-3-031-23161-2_300726},
}

@article{ref_unknown2024_loot_crates_38,
    author = {Anonymous},
    title = {{Loot Crates}},
    journal = {Unknown},
    year = {2024},
    doi = {10.1007/978-3-031-23161-2_300726},
    url = {https://doi.org/10.1007/978-3-031-23161-2_300726},
}

@article{ref_unknown2024_loot_crates_39,
    author = {Anonymous},
    title = {{Loot Crates}},
    journal = {Unknown},
    year = {2024},
    doi = {10.1007/978-3-031-23161-2_300726},
    url = {https://doi.org/10.1007/978-3-031-23161-2_300726},
}

@article{ref_unknown2024_loot_crates_4,
    author = {Anonymous},
    title = {{Loot Crates}},
    journal = {Unknown},
    year = {2024},
    doi = {10.1007/978-3-031-23161-2_300726},
    url = {https://doi.org/10.1007/978-3-031-23161-2_300726},
}

@article{ref_unknown2024_loot_crates_40,
    author = {Anonymous},
    title = {{Loot Crates}},
    journal = {Unknown},
    year = {2024},
    doi = {10.1007/978-3-031-23161-2_300726},
    url = {https://doi.org/10.1007/978-3-031-23161-2_300726},
}

@article{ref_unknown2024_loot_crates_41,
    author = {Anonymous},
    title = {{Loot Crates}},
    journal = {Unknown},
    year = {2024},
    doi = {10.1007/978-3-031-23161-2_300726},
    url = {https://doi.org/10.1007/978-3-031-23161-2_300726},
}

@article{ref_unknown2024_loot_crates_42,
    author = {Anonymous},
    title = {{Loot Crates}},
    journal = {Unknown},
    year = {2024},
    doi = {10.1007/978-3-031-23161-2_300726},
    url = {https://doi.org/10.1007/978-3-031-23161-2_300726},
}

@article{ref_unknown2024_loot_crates_43,
    author = {Anonymous},
    title = {{Loot Crates}},
    journal = {Unknown},
    year = {2024},
    doi = {10.1007/978-3-031-23161-2_300726},
    url = {https://doi.org/10.1007/978-3-031-23161-2_300726},
}

@article{ref_unknown2024_loot_crates_44,
    author = {Anonymous},
    title = {{Loot Crates}},
    journal = {Unknown},
    year = {2024},
    doi = {10.1007/978-3-031-23161-2_300726},
    url = {https://doi.org/10.1007/978-3-031-23161-2_300726},
}

@article{ref_unknown2024_loot_crates_45,
    author = {Anonymous},
    title = {{Loot Crates}},
    journal = {Unknown},
    year = {2024},
    doi = {10.1007/978-3-031-23161-2_300726},
    url = {https://doi.org/10.1007/978-3-031-23161-2_300726},
}

@article{ref_unknown2024_loot_crates_46,
    author = {Anonymous},
    title = {{Loot Crates}},
    journal = {Unknown},
    year = {2024},
    doi = {10.1007/978-3-031-23161-2_300726},
    url = {https://doi.org/10.1007/978-3-031-23161-2_300726},
}

@article{ref_unknown2024_loot_crates_47,
    author = {Anonymous},
    title = {{Loot Crates}},
    journal = {Unknown},
    year = {2024},
    doi = {10.1007/978-3-031-23161-2_300726},
    url = {https://doi.org/10.1007/978-3-031-23161-2_300726},
}

@article{ref_unknown2024_loot_crates_48,
    author = {Anonymous},
    title = {{Loot Crates}},
    journal = {Unknown},
    year = {2024},
    doi = {10.1007/978-3-031-23161-2_300726},
    url = {https://doi.org/10.1007/978-3-031-23161-2_300726},
}

@article{ref_unknown2024_loot_crates_49,
    author = {Anonymous},
    title = {{Loot Crates}},
    journal = {Unknown},
    year = {2024},
    doi = {10.1007/978-3-031-23161-2_300726},
    url = {https://doi.org/10.1007/978-3-031-23161-2_300726},
}

@article{ref_unknown2024_loot_crates_5,
    author = {Anonymous},
    title = {{Loot Crates}},
    journal = {Unknown},
    year = {2024},
    doi = {10.1007/978-3-031-23161-2_300726},
    url = {https://doi.org/10.1007/978-3-031-23161-2_300726},
}

@article{ref_unknown2024_loot_crates_50,
    author = {Anonymous},
    title = {{Loot Crates}},
    journal = {Unknown},
    year = {2024},
    doi = {10.1007/978-3-031-23161-2_300726},
    url = {https://doi.org/10.1007/978-3-031-23161-2_300726},
}

@article{ref_unknown2024_loot_crates_51,
    author = {Anonymous},
    title = {{Loot Crates}},
    journal = {Unknown},
    year = {2024},
    doi = {10.1007/978-3-031-23161-2_300726},
    url = {https://doi.org/10.1007/978-3-031-23161-2_300726},
}

@article{ref_unknown2024_loot_crates_52,
    author = {Anonymous},
    title = {{Loot Crates}},
    journal = {Unknown},
    year = {2024},
    doi = {10.1007/978-3-031-23161-2_300726},
    url = {https://doi.org/10.1007/978-3-031-23161-2_300726},
}

@article{ref_unknown2024_loot_crates_53,
    author = {Anonymous},
    title = {{Loot Crates}},
    journal = {Unknown},
    year = {2024},
    doi = {10.1007/978-3-031-23161-2_300726},
    url = {https://doi.org/10.1007/978-3-031-23161-2_300726},
}

@article{ref_unknown2024_loot_crates_54,
    author = {Anonymous},
    title = {{Loot Crates}},
    journal = {Unknown},
    year = {2024},
    doi = {10.1007/978-3-031-23161-2_300726},
    url = {https://doi.org/10.1007/978-3-031-23161-2_300726},
}

@article{ref_unknown2024_loot_crates_55,
    author = {Anonymous},
    title = {{Loot Crates}},
    journal = {Unknown},
    year = {2024},
    doi = {10.1007/978-3-031-23161-2_300726},
    url = {https://doi.org/10.1007/978-3-031-23161-2_300726},
}

@article{ref_unknown2024_loot_crates_56,
    author = {Anonymous},
    title = {{Loot Crates}},
    journal = {Unknown},
    year = {2024},
    doi = {10.1007/978-3-031-23161-2_300726},
    url = {https://doi.org/10.1007/978-3-031-23161-2_300726},
}

@article{ref_unknown2024_loot_crates_57,
    author = {Anonymous},
    title = {{Loot Crates}},
    journal = {Unknown},
    year = {2024},
    doi = {10.1007/978-3-031-23161-2_300726},
    url = {https://doi.org/10.1007/978-3-031-23161-2_300726},
}

@article{ref_unknown2024_loot_crates_58,
    author = {Anonymous},
    title = {{Loot Crates}},
    journal = {Unknown},
    year = {2024},
    doi = {10.1007/978-3-031-23161-2_300726},
    url = {https://doi.org/10.1007/978-3-031-23161-2_300726},
}

@article{ref_unknown2024_loot_crates_59,
    author = {Anonymous},
    title = {{Loot Crates}},
    journal = {Unknown},
    year = {2024},
    doi = {10.1007/978-3-031-23161-2_300726},
    url = {https://doi.org/10.1007/978-3-031-23161-2_300726},
}

@article{ref_unknown2024_loot_crates_6,
    author = {Anonymous},
    title = {{Loot Crates}},
    journal = {Unknown},
    year = {2024},
    doi = {10.1007/978-3-031-23161-2_300726},
    url = {https://doi.org/10.1007/978-3-031-23161-2_300726},
}

@article{ref_unknown2024_loot_crates_60,
    author = {Anonymous},
    title = {{Loot Crates}},
    journal = {Unknown},
    year = {2024},
    doi = {10.1007/978-3-031-23161-2_300726},
    url = {https://doi.org/10.1007/978-3-031-23161-2_300726},
}

@article{ref_unknown2024_loot_crates_61,
    author = {Anonymous},
    title = {{Loot Crates}},
    journal = {Unknown},
    year = {2024},
    doi = {10.1007/978-3-031-23161-2_300726},
    url = {https://doi.org/10.1007/978-3-031-23161-2_300726},
}

@article{ref_unknown2024_loot_crates_62,
    author = {Anonymous},
    title = {{Loot Crates}},
    journal = {Unknown},
    year = {2024},
    doi = {10.1007/978-3-031-23161-2_300726},
    url = {https://doi.org/10.1007/978-3-031-23161-2_300726},
}

@article{ref_unknown2024_loot_crates_63,
    author = {Anonymous},
    title = {{Loot Crates}},
    journal = {Unknown},
    year = {2024},
    doi = {10.1007/978-3-031-23161-2_300726},
    url = {https://doi.org/10.1007/978-3-031-23161-2_300726},
}

@article{ref_unknown2024_loot_crates_64,
    author = {Anonymous},
    title = {{Loot Crates}},
    journal = {Unknown},
    year = {2024},
    doi = {10.1007/978-3-031-23161-2_300726},
    url = {https://doi.org/10.1007/978-3-031-23161-2_300726},
}

@article{ref_unknown2024_loot_crates_65,
    author = {Anonymous},
    title = {{Loot Crates}},
    journal = {Unknown},
    year = {2024},
    doi = {10.1007/978-3-031-23161-2_300726},
    url = {https://doi.org/10.1007/978-3-031-23161-2_300726},
}

@article{ref_unknown2024_loot_crates_66,
    author = {Anonymous},
    title = {{Loot Crates}},
    journal = {Unknown},
    year = {2024},
    doi = {10.1007/978-3-031-23161-2_300726},
    url = {https://doi.org/10.1007/978-3-031-23161-2_300726},
}

@article{ref_unknown2024_loot_crates_67,
    author = {Anonymous},
    title = {{Loot Crates}},
    journal = {Unknown},
    year = {2024},
    doi = {10.1007/978-3-031-23161-2_300726},
    url = {https://doi.org/10.1007/978-3-031-23161-2_300726},
}

@article{ref_unknown2024_loot_crates_68,
    author = {Anonymous},
    title = {{Loot Crates}},
    journal = {Unknown},
    year = {2024},
    doi = {10.1007/978-3-031-23161-2_300726},
    url = {https://doi.org/10.1007/978-3-031-23161-2_300726},
}

@article{ref_unknown2024_loot_crates_69,
    author = {Anonymous},
    title = {{Loot Crates}},
    journal = {Unknown},
    year = {2024},
    doi = {10.1007/978-3-031-23161-2_300726},
    url = {https://doi.org/10.1007/978-3-031-23161-2_300726},
}

@article{ref_unknown2024_loot_crates_7,
    author = {Anonymous},
    title = {{Loot Crates}},
    journal = {Unknown},
    year = {2024},
    doi = {10.1007/978-3-031-23161-2_300726},
    url = {https://doi.org/10.1007/978-3-031-23161-2_300726},
}

@article{ref_unknown2024_loot_crates_70,
    author = {Anonymous},
    title = {{Loot Crates}},
    journal = {Unknown},
    year = {2024},
    doi = {10.1007/978-3-031-23161-2_300726},
    url = {https://doi.org/10.1007/978-3-031-23161-2_300726},
}

@article{ref_unknown2024_loot_crates_71,
    author = {Anonymous},
    title = {{Loot Crates}},
    journal = {Unknown},
    year = {2024},
    doi = {10.1007/978-3-031-23161-2_300726},
    url = {https://doi.org/10.1007/978-3-031-23161-2_300726},
}

@article{ref_unknown2024_loot_crates_72,
    author = {Anonymous},
    title = {{Loot Crates}},
    journal = {Unknown},
    year = {2024},
    doi = {10.1007/978-3-031-23161-2_300726},
    url = {https://doi.org/10.1007/978-3-031-23161-2_300726},
}

@article{ref_unknown2024_loot_crates_73,
    author = {Anonymous},
    title = {{Loot Crates}},
    journal = {Unknown},
    year = {2024},
    doi = {10.1007/978-3-031-23161-2_300726},
    url = {https://doi.org/10.1007/978-3-031-23161-2_300726},
}

@article{ref_unknown2024_loot_crates_74,
    author = {Anonymous},
    title = {{Loot Crates}},
    journal = {Unknown},
    year = {2024},
    doi = {10.1007/978-3-031-23161-2_300726},
    url = {https://doi.org/10.1007/978-3-031-23161-2_300726},
}

@article{ref_unknown2024_loot_crates_75,
    author = {Anonymous},
    title = {{Loot Crates}},
    journal = {Unknown},
    year = {2024},
    doi = {10.1007/978-3-031-23161-2_300726},
    url = {https://doi.org/10.1007/978-3-031-23161-2_300726},
}

@article{ref_unknown2024_loot_crates_76,
    author = {Anonymous},
    title = {{Loot Crates}},
    journal = {Unknown},
    year = {2024},
    doi = {10.1007/978-3-031-23161-2_300726},
    url = {https://doi.org/10.1007/978-3-031-23161-2_300726},
}

@article{ref_unknown2024_loot_crates_77,
    author = {Anonymous},
    title = {{Loot Crates}},
    journal = {Unknown},
    year = {2024},
    doi = {10.1007/978-3-031-23161-2_300726},
    url = {https://doi.org/10.1007/978-3-031-23161-2_300726},
}

@article{ref_unknown2024_loot_crates_78,
    author = {Anonymous},
    title = {{Loot Crates}},
    journal = {Unknown},
    year = {2024},
    doi = {10.1007/978-3-031-23161-2_300726},
    url = {https://doi.org/10.1007/978-3-031-23161-2_300726},
}

@article{ref_unknown2024_loot_crates_79,
    author = {Anonymous},
    title = {{Loot Crates}},
    journal = {Unknown},
    year = {2024},
    doi = {10.1007/978-3-031-23161-2_300726},
    url = {https://doi.org/10.1007/978-3-031-23161-2_300726},
}

@article{ref_unknown2024_loot_crates_8,
    author = {Anonymous},
    title = {{Loot Crates}},
    journal = {Unknown},
    year = {2024},
    doi = {10.1007/978-3-031-23161-2_300726},
    url = {https://doi.org/10.1007/978-3-031-23161-2_300726},
}

@article{ref_unknown2024_loot_crates_80,
    author = {Anonymous},
    title = {{Loot Crates}},
    journal = {Unknown},
    year = {2024},
    doi = {10.1007/978-3-031-23161-2_300726},
    url = {https://doi.org/10.1007/978-3-031-23161-2_300726},
}

@article{ref_unknown2024_loot_crates_81,
    author = {Anonymous},
    title = {{Loot Crates}},
    journal = {Unknown},
    year = {2024},
    doi = {10.1007/978-3-031-23161-2_300726},
    url = {https://doi.org/10.1007/978-3-031-23161-2_300726},
}

@article{ref_unknown2024_loot_crates_82,
    author = {Anonymous},
    title = {{Loot Crates}},
    journal = {Unknown},
    year = {2024},
    doi = {10.1007/978-3-031-23161-2_300726},
    url = {https://doi.org/10.1007/978-3-031-23161-2_300726},
}

@article{ref_unknown2024_loot_crates_83,
    author = {Anonymous},
    title = {{Loot Crates}},
    journal = {Unknown},
    year = {2024},
    doi = {10.1007/978-3-031-23161-2_300726},
    url = {https://doi.org/10.1007/978-3-031-23161-2_300726},
}

@article{ref_unknown2024_loot_crates_84,
    author = {Anonymous},
    title = {{Loot Crates}},
    journal = {Unknown},
    year = {2024},
    doi = {10.1007/978-3-031-23161-2_300726},
    url = {https://doi.org/10.1007/978-3-031-23161-2_300726},
}

@article{ref_unknown2024_loot_crates_85,
    author = {Anonymous},
    title = {{Loot Crates}},
    journal = {Unknown},
    year = {2024},
    doi = {10.1007/978-3-031-23161-2_300726},
    url = {https://doi.org/10.1007/978-3-031-23161-2_300726},
}

@article{ref_unknown2024_loot_crates_86,
    author = {Anonymous},
    title = {{Loot Crates}},
    journal = {Unknown},
    year = {2024},
    doi = {10.1007/978-3-031-23161-2_300726},
    url = {https://doi.org/10.1007/978-3-031-23161-2_300726},
}

@article{ref_unknown2024_loot_crates_87,
    author = {Anonymous},
    title = {{Loot Crates}},
    journal = {Unknown},
    year = {2024},
    doi = {10.1007/978-3-031-23161-2_300726},
    url = {https://doi.org/10.1007/978-3-031-23161-2_300726},
}

@article{ref_unknown2024_loot_crates_88,
    author = {Anonymous},
    title = {{Loot Crates}},
    journal = {Unknown},
    year = {2024},
    doi = {10.1007/978-3-031-23161-2_300726},
    url = {https://doi.org/10.1007/978-3-031-23161-2_300726},
}

@article{ref_unknown2024_loot_crates_89,
    author = {Anonymous},
    title = {{Loot Crates}},
    journal = {Unknown},
    year = {2024},
    doi = {10.1007/978-3-031-23161-2_300726},
    url = {https://doi.org/10.1007/978-3-031-23161-2_300726},
}

@article{ref_unknown2024_loot_crates_9,
    author = {Anonymous},
    title = {{Loot Crates}},
    journal = {Unknown},
    year = {2024},
    doi = {10.1007/978-3-031-23161-2_300726},
    url = {https://doi.org/10.1007/978-3-031-23161-2_300726},
}

@article{ref_unknown2024_loot_crates_90,
    author = {Anonymous},
    title = {{Loot Crates}},
    journal = {Unknown},
    year = {2024},
    doi = {10.1007/978-3-031-23161-2_300726},
    url = {https://doi.org/10.1007/978-3-031-23161-2_300726},
}

@article{ref_unknown2024_loot_crates_91,
    author = {Anonymous},
    title = {{Loot Crates}},
    journal = {Unknown},
    year = {2024},
    doi = {10.1007/978-3-031-23161-2_300726},
    url = {https://doi.org/10.1007/978-3-031-23161-2_300726},
}

@article{ref_unknown2024_loot_crates_92,
    author = {Anonymous},
    title = {{Loot Crates}},
    journal = {Unknown},
    year = {2024},
    doi = {10.1007/978-3-031-23161-2_300726},
    url = {https://doi.org/10.1007/978-3-031-23161-2_300726},
}

@article{ref_unknown2024_loot_crates_93,
    author = {Anonymous},
    title = {{Loot Crates}},
    journal = {Unknown},
    year = {2024},
    doi = {10.1007/978-3-031-23161-2_300726},
    url = {https://doi.org/10.1007/978-3-031-23161-2_300726},
}

@article{ref_unknown2024_loot_crates_94,
    author = {Anonymous},
    title = {{Loot Crates}},
    journal = {Unknown},
    year = {2024},
    doi = {10.1007/978-3-031-23161-2_300726},
    url = {https://doi.org/10.1007/978-3-031-23161-2_300726},
}

@article{ref_unknown2024_loot_crates_95,
    author = {Anonymous},
    title = {{Loot Crates}},
    journal = {Unknown},
    year = {2024},
    doi = {10.1007/978-3-031-23161-2_300726},
    url = {https://doi.org/10.1007/978-3-031-23161-2_300726},
}

@article{ref_unknown2024_loot_crates_96,
    author = {Anonymous},
    title = {{Loot Crates}},
    journal = {Unknown},
    year = {2024},
    doi = {10.1007/978-3-031-23161-2_300726},
    url = {https://doi.org/10.1007/978-3-031-23161-2_300726},
}

@article{ref_unknown2024_loot_crates_97,
    author = {Anonymous},
    title = {{Loot Crates}},
    journal = {Unknown},
    year = {2024},
    doi = {10.1007/978-3-031-23161-2_300726},
    url = {https://doi.org/10.1007/978-3-031-23161-2_300726},
}

@article{ref_unknown2024_loot_crates_98,
    author = {Anonymous},
    title = {{Loot Crates}},
    journal = {Unknown},
    year = {2024},
    doi = {10.1007/978-3-031-23161-2_300726},
    url = {https://doi.org/10.1007/978-3-031-23161-2_300726},
}
