@book{astrom1995adaptive,
  author    = {Åström, Karl Johan and Wittenmark, Björn},
  title     = {Adaptive Control},
  edition   = {2},
  year      = {1995},
  publisher = {Dover Publications},
  address   = {Mineola, NY},
  isbn      = {978-0486462783},
  url       = {https://store.doverpublications.com/products/9780486462783},
  note      = {Classic text on model reference adaptive systems and parameter estimation}
}

@book{ioannou1996robust,
  author    = {Ioannou, Petros A. and Sun, Jing},
  title     = {Robust Adaptive Control},
  year      = {1996},
  publisher = {Prentice Hall},
  address   = {Upper Saddle River, NJ},
  isbn      = {978-0133439717},
  url       = {https://www.pearson.com/en-us/subject-catalog/p/robust-adaptive-control/P200000003290},
  note      = {Comprehensive treatment of robust adaptive laws with parameter projection}
}

@book{ioannou1983adaptive,
  author    = {Ioannou, Petros A. and Kokotovic, Petar V.},
  title     = {Adaptive Systems with Reduced Models},
  year      = {1983},
  publisher = {Springer-Verlag},
  address   = {New York, NY},
  isbn      = {978-0387909868},
  doi       = {10.1007/BFb0006310}
}

@book{narendra2005stable,
  author    = {Narendra, Kumpati S. and Annaswamy, Anuradha M.},
  title     = {Stable Adaptive Systems},
  year      = {2005},
  publisher = {Dover Publications},
  address   = {Mineola, NY},
  isbn      = {978-0486442266},
  url       = {https://store.doverpublications.com/products/9780486442266},
  note      = {Direct and indirect adaptive control with Lyapunov stability analysis}
}

@article{slotine1986adaptive,
  author  = {Slotine, Jean-Jacques E. and Coetsee, J. A.},
  title   = {Adaptive sliding controller synthesis for non-linear systems},
  journal = {International Journal of Control},
  volume  = {43},
  number  = {6},
  pages   = {1631--1651},
  year    = {1986},
  doi     = {10.1080/00207178608933564}
}

@article{plestan2010new,
  author  = {Plestan, Franck and Shtessel, Yuri and Brégeault, Vincent and Poznyak, Alexander},
  title   = {New methodologies for adaptive sliding mode control},
  journal = {International Journal of Control},
  volume  = {83},
  number  = {9},
  pages   = {1907--1919},
  year    = {2010},
  doi     = {10.1080/00207179.2010.501385}
}

@article{pomet1992adaptive,
  author  = {Pomet, Jean-Baptiste and Praly, Laurent},
  title   = {Adaptive nonlinear regulation: Estimation from the Lyapunov equation},
  journal = {IEEE Transactions on Automatic Control},
  volume  = {37},
  number  = {6},
  pages   = {729--740},
  year    = {1992},
  doi     = {10.1109/9.256328}
}
