@book{dip_khalil_2002_nonlinear_systems,
  author    = {Khalil, Hassan K.},
  title     = {Nonlinear Systems},
  edition   = {3},
  publisher = {Prentice Hall},
  address   = {Upper Saddle River, NJ},
  year      = {2002},
  isbn      = {0-13-067389-7},
  note      = {Third Edition}
}

@article{dip_boubaker_2014_inverted_pendulum,
  author  = {Boubaker, A.},
  title   = {The inverted pendulum: a fundamental benchmark in control theory and robotics},
  journal = {International Journal of Automation & Control},
  volume  = {8},
  number  = {2},
  pages   = {94--115},
  year    = {2014}
}

@article{dip_irfan_2023_control_strategies_double_inverted_pendulum,
  author  = {Irfan, I. and Irfan, U. and Ahmad, M. W. and Saleem, A.},
  title   = {Control strategies for a double inverted pendulum system},
  journal = {PLOS ONE},
  volume  = {18},
  number  = {3},
  pages   = {e0282522},
  year    = {2023}
}

@inproceedings{dip_zhong_2001_energy_passivity_based_control,
  author    = {Zhong, W. and R{"o}ck, H.},
  title     = {Energy and passivity based control of the double inverted pendulum on a cart},
  booktitle = {Proceedings of the 2001 IEEE International Conference on Control Applications},
  address   = {Mexico City},
  year      = {2001},
  pages     = {896--901}
}