@book{gertler1998fault,
  author    = {Gertler, Janos},
  title     = {Fault Detection and Diagnosis in Engineering Systems},
  year      = {1998},
  publisher = {CRC Press},
  address   = {Boca Raton, FL},
  isbn      = {978-0824793517},
  note      = {Comprehensive treatment of threshold selection and hysteresis methods}
}

@book{chen1999robust,
  author    = {Chen, Jie and Patton, Ron J.},
  title     = {Robust Model-Based Fault Diagnosis for Dynamic Systems},
  year      = {1999},
  publisher = {Springer},
  address   = {Boston, MA},
  isbn      = {978-1461272595},
  doi       = {10.1007/978-1-4615-5149-2},
  note      = {Probabilistic and deterministic threshold determination approaches}
}

@book{isermann2006fault,
  author    = {Isermann, Rolf},
  title     = {Fault-Diagnosis Systems: An Introduction from Fault Detection to Fault Tolerance},
  year      = {2006},
  publisher = {Springer},
  address   = {Berlin},
  isbn      = {978-3540241126},
  doi       = {10.1007/3-540-30368-5},
  note      = {Design guidelines for hysteresis thresholds and residual evaluation}
}

@book{ding2008model,
  author    = {Ding, Steven X.},
  title     = {Model-based Fault Diagnosis Techniques: Design Schemes, Algorithms, and Tools},
  year      = {2008},
  publisher = {Springer},
  address   = {Berlin},
  isbn      = {978-3540763031},
  doi       = {10.1007/978-3-540-76304-8},
  note      = {Adaptive and robust threshold design with optimal deadband selection}
}
