@book{press2007numerical,
  author    = {Press, William H. and Teukolsky, Saul A. and Vetterling, William T. and Flannery, Brian P.},
  title     = {Numerical Recipes: The Art of Scientific Computing},
  edition   = {3},
  year      = {2007},
  publisher = {Cambridge University Press},
  address   = {Cambridge, UK},
  isbn      = {978-0521880688},
  note      = {Chapter 17: Integration of Ordinary Differential Equations - Runge-Kutta methods}
}

@book{hairer1993solving1,
  author    = {Hairer, Ernst and NÃ¸rsett, Syvert P. and Wanner, Gerhard},
  title     = {Solving Ordinary Differential Equations I: Nonstiff Problems},
  edition   = {2},
  year      = {1993},
  publisher = {Springer-Verlag},
  address   = {Berlin},
  isbn      = {978-3540566700},
  doi       = {10.1007/978-3-540-78862-1},
  note      = {Chapter II: Runge-Kutta and Extrapolation Methods - order conditions for explicit RK}
}

@book{hairer1996solving2,
  author    = {Hairer, Ernst and Wanner, Gerhard},
  title     = {Solving Ordinary Differential Equations II: Stiff and Differential-Algebraic Problems},
  edition   = {2},
  year      = {1996},
  publisher = {Springer-Verlag},
  address   = {Berlin},
  isbn      = {978-3540604525},
  doi       = {10.1007/978-3-642-05221-7},
  note      = {Chapter IV: Stiff Problems - One-Step Methods, characterization of stiffness}
}

@book{butcher2016numerical,
  author    = {Butcher, John C.},
  title     = {Numerical Methods for Ordinary Differential Equations},
  edition   = {3},
  year      = {2016},
  publisher = {John Wiley \& Sons},
  address   = {Chichester, UK},
  isbn      = {978-1119121503},
  doi       = {10.1002/9781119121534},
  note      = {Chapter 3: Runge-Kutta Methods - Dormand-Prince RK45 method}
}

@book{ascher1998computer,
  author    = {Ascher, Uri M. and Petzold, Linda R.},
  title     = {Computer Methods for Ordinary Differential Equations and Differential-Algebraic Equations},
  year      = {1998},
  publisher = {Society for Industrial and Applied Mathematics},
  address   = {Philadelphia, PA},
  isbn      = {978-0898714128},
  doi       = {10.1137/1.9781611971392},
  note      = {Chapter 5: Stability of Multistep Methods - A-stability, L-stability, Dahlquist barrier}
}
