@article{pso_freitas_2020_particle_swarm_optimization,
  author  = {Freitas, D. and Lopes, L. G. and Morgado-Dias, F.},
  title   = {Particle swarm optimization: a historical review up to the current developments},
  journal = {Entropy},
  volume  = {22},
  pages   = {362},
  year    = {2020}
}

@inproceedings{pso_kennedy_1995_particle_swarm_optimization,
  author    = {Kennedy, James and Eberhart, Russell},
  title     = {Particle swarm optimization},
  booktitle = {Proceedings of the IEEE International Conference on Neural Networks},
  volume    = {4},
  pages     = {1942--1948},
  year      = {1995},
  doi       = {10.1109/ICNN.1995.488968}
}

@article{pso_khan_2017_robust_particle_swarm_optimisation,
  author  = {Khan, A. and Ahmed, A. and Tokhi, M. O.},
  title   = {Robust particle swarm optimisation for uncertain dynamic systems},
  journal = {IET Control Theory & Applications},
  volume  = {11},
  number  = {3},
  pages   = {435--443},
  year    = {2017}
}