@book{smc_slotine_li_1991_applied_nonlinear_control,
  author    = {Slotine, Jean-Jacques E. and Li, Weiping},
  title     = {Applied Nonlinear Control},
  publisher = {Prentice Hall},
  address   = {Englewood Cliffs, NJ},
  year      = {1991},
  isbn      = {0-13-040890-5}
}

@book{smc_utkin_2013_sliding_mode_control,
  author    = {Utkin, Vadim and Guldner, J{"u}rgen and Shi, Jingxin},
  title     = {Sliding Mode Control in Electro-Mechanical Systems},
  publisher = {CRC Press},
  address   = {Boca Raton, FL},
  edition   = {2},
  year      = {2009},
  doi       = {10.1201/9781420065619},
  note      = {Second edition}
}

@article{smc_levant_2003_higher_order_smc,
  author  = {Levant, Arie},
  title   = {Higher-order sliding modes, differentiation and output-feedback control},
  journal = {International Journal of Control},
  volume  = {76},
  number  = {9--10},
  pages   = {924--941},
  year    = {2003},
  doi     = {10.1080/0020717031000099029}
}

@book{smc_shtessel_2014_sliding_mode_control_and_observation,
  author    = {Shtessel, Yuri and Edwards, Christopher and Fridman, Leonid and Levant, Arie},
  title     = {Sliding Mode Control and Observation},
  publisher = {Birkh{"a}user},
  address   = {New York, NY},
  year      = {2014},
  edition   = {1},
  isbn      = {9780817648923},
  doi       = {10.1007/978-0-8176-4893-0}
}

@article{smc_utkin_1993_sliding_mode_control_design,
  author  = {Utkin, Vadim I.},
  title   = {Sliding mode control design principles and applications to electric drives},
  journal = {IEEE Transactions on Industrial Electronics},
  volume  = {40},
  number  = {1},
  pages   = {23--36},
  year    = {1993},
  doi     = {10.1109/41.184818}
}

@unpublished{smc_gaber_2025_observer_free_sliding_mode_control,
  author  = {Gaber, J.},
  title   = {Observer-free sliding mode control via structured decomposition: a smooth and bounded control framework},
  note    = {arXiv preprint},
  year    = {2025}
}

@article{smc_gong_2022_robust_sliding_mode_control,
  author  = {Gong, Z. and Ba, Y. and Zhang, M. and Guo, Y.},
  title   = {Robust sliding mode control of the permanent magnet synchronous motor with an improved power reaching law},
  journal = {Energies},
  volume  = {15},
  number  = {5},
  pages   = {1935},
  year    = {2022}
}

@article{smc_yang_2007_adaptive_sliding_mode_control,
  author  = {Yang, Y. and Meng, M. Q.-H. and Tan, K. K.},
  title   = {Adaptive sliding mode control for uncertain systems},
  journal = {Automatica},
  volume  = {43},
  number  = {2},
  pages   = {201--207},
  year    = {2007}
}

@article{smc_huang_2008_adaptive_second_order_sliding_mode_control,
  author  = {Huang, J. and Yao, B. and Tao, G.},
  title   = {Adaptive second-order sliding-mode control of nonlinear systems},
  journal = {IEEE Transactions on Automatic Control},
  volume  = {53},
  number  = {11},
  pages   = {2689--2694},
  year    = {2008}
}

@article{smc_messina_2013_multi_objective_optimal_tuning,
  author  = {Messina, A. and Lanzafame, R. and Tomarchio, S.},
  title   = {Multi-objective optimal tuning of sliding mode controllers by evolutionary algorithms},
  journal = {IEEE/ASME Transactions on Mechatronics},
  volume  = {18},
  number  = {5},
  pages   = {1446--1454},
  year    = {2013}
}

@article{smc_utkin_1977_variable_structure_systems,
  author  = {Utkin, V. I.},
  title   = {Variable structure systems with sliding modes},
  journal = {IEEE Transactions on Automatic Control},
  volume  = {22},
  number  = {2},
  pages   = {212--222},
  year    = {1977}
}

@article{smc_slotine_sastry_1983_tracking_control,
  author  = {Slotine, J.-J. and Sastry, S.},
  title   = {Tracking control of nonlinear systems using sliding surfaces},
  journal = {International Journal of Control},
  volume  = {38},
  number  = {2},
  pages   = {465--492},
  year    = {1983}
}

@book{smc_edwards_spurgeon_1998_sliding_mode_control,
  author    = {Edwards, Christopher and Spurgeon, Sarah K.},
  title     = {Sliding Mode Control: Theory and Applications},
  publisher = {CRC Press},
  address   = {Boca Raton, FL},
  year      = {1998},
  isbn      = {978-0748406012},
  note      = {Chapter 3: Sliding Surface Design - pole placement via surface parameters}
}

@book{smc_utkin_1992_sliding_modes,
  author    = {Utkin, Vadim I.},
  title     = {Sliding Modes in Control and Optimization},
  publisher = {Springer-Verlag},
  address   = {Berlin},
  year      = {1992},
  isbn      = {978-3642843792},
  doi       = {10.1007/978-3-642-84379-2},
  note      = {Chapter 2: Sliding Mode Equations - exponential stability for linear sliding surfaces}
}

@article{smc_burton_1986_continuous,
  author  = {Burton, J. A. and Zinober, A. S. I.},
  title   = {Continuous approximation of variable structure control},
  journal = {International Journal of Systems Science},
  volume  = {17},
  number  = {6},
  pages   = {875--885},
  year    = {1986},
  doi     = {10.1080/00207728608926853}
}

@article{smc_levant_2007_principles,
  author  = {Levant, Arie},
  title   = {Principles of 2-sliding mode design},
  journal = {Automatica},
  volume  = {43},
  number  = {4},
  pages   = {576--586},
  year    = {2007},
  doi     = {10.1016/j.automatica.2006.10.008}
}

@article{smc_young_1999_control_engineer,
  author  = {Young, K. David and Utkin, Vadim I. and Özgüner, Ümit},
  title   = {A control engineer's guide to sliding mode control},
  journal = {IEEE Transactions on Control Systems Technology},
  volume  = {7},
  number  = {3},
  pages   = {328--342},
  year    = {1999},
  doi     = {10.1109/87.761053}
}

@article{smc_levant_1993_sliding_order,
  author  = {Levant, Arie},
  title   = {Sliding order and sliding accuracy in sliding mode control},
  journal = {International Journal of Control},
  volume  = {58},
  number  = {6},
  pages   = {1247--1263},
  year    = {1993},
  doi     = {10.1080/00207179308923053}
}