@software{soft_scipy_2024_fundamental_algorithms,
  author = {Virtanen, Pauli and others},
  title  = {{SciPy} 1.11.0: fundamental algorithms for scientific computing},
  year   = {2024},
  url    = {https://github.com/scipy/scipy},
  note   = {Release 1.11.0}
}

@software{soft_numpy_2024_fundamental_package,
  author = {Harris, Charles R. and others},
  title  = {{NumPy} 1.26.0: the fundamental package for scientific computing with {Python}},
  year   = {2024},
  url    = {https://github.com/numpy/numpy},
  doi    = {10.1038/s41586-020-2649-2},
  note   = {Release 1.26.0}
}

@article{soft_raichle_2008_numerical_solution_of_stiff_odes,
  author  = {Raichle, H. and Kanzow, C. and Rentrop, P.},
  title   = {On the numerical solution of stiff ODEs arising in sliding mode control},
  journal = {Automatica},
  volume  = {44},
  number  = {12},
  pages   = {3078--3083},
  year    = {2008}
}

@unpublished{soft_ekanathan_2025_fully_adaptive_radau_method,
  author = {Ekanathan, S. and Smith, O. and Rackauckas, C.},
  title  = {A fully adaptive Radau method for the efficient solution of stiff ordinary differential equations at low tolerances},
  note   = {arXiv preprint},
  year   = {2025}
}