@book{khalil2002nonlinear,
  author    = {Khalil, Hassan K.},
  title     = {Nonlinear Systems},
  edition   = {3},
  year      = {2002},
  publisher = {Prentice Hall},
  address   = {Upper Saddle River, NJ},
  isbn      = {978-0130673893},
  url       = {https://www.pearson.com/en-us/subject-catalog/p/nonlinear-systems/P200000003484},
  note      = {Chapter 4: Lyapunov Stability - Modern treatment of Lyapunov theory}
}

@book{lyapunov1992general,
  author    = {Lyapunov, Aleksandr Mikhailovich},
  title     = {The General Problem of the Stability of Motion},
  year      = {1992},
  publisher = {Taylor \& Francis},
  isbn      = {978-0748400621},
  doi       = {10.1080/00207179208934253},
  note      = {English translation of 1892 original doctoral thesis}
}

@article{bhat2000finite,
  author  = {Bhat, Sanjay P. and Bernstein, Dennis S.},
  title   = {Finite-time stability of continuous autonomous systems},
  journal = {SIAM Journal on Control and Optimization},
  volume  = {38},
  number  = {3},
  pages   = {751--766},
  year    = {2000},
  doi     = {10.1137/S0363012997321358}
}

@article{moulay2006finite,
  author  = {Moulay, Emmanuel and Perruquetti, Wilfrid},
  title   = {Finite time stability and stabilization of a class of continuous systems},
  journal = {Journal of Mathematical Analysis and Applications},
  volume  = {323},
  number  = {2},
  pages   = {1430--1443},
  year    = {2006},
  doi     = {10.1016/j.jmaa.2005.11.046}
}

@article{polyakov2012nonlinear,
  author  = {Polyakov, Andrey},
  title   = {Nonlinear feedback design for fixed-time stabilization of linear controllable systems},
  journal = {IEEE Transactions on Automatic Control},
  volume  = {57},
  number  = {8},
  pages   = {2106--2110},
  year    = {2012},
  doi     = {10.1109/TAC.2011.2179869}
}

@book{vidyasagar2002nonlinear,
  author    = {Vidyasagar, Mathukumalli},
  title     = {Nonlinear Systems Analysis},
  edition   = {2},
  year      = {2002},
  publisher = {Society for Industrial and Applied Mathematics},
  address   = {Philadelphia, PA},
  isbn      = {978-0898715262},
  doi       = {10.1137/1.9780898719185}
}
