% Combined BibTeX Bibliography
% DIP-SMC-PSO Project
% Generated: 2025-10-09
% Total entries: 94

@book{astrom1995adaptive,
  author       = {Åström, Karl Johan and Wittenmark, Björn},
  title        = {Adaptive Control},
  edition      = {2},
  year         = {1995},
  publisher    = {Dover Publications},
  address      = {Mineola, NY},
  isbn         = {978-0486462783},
  url          = {https://store.doverpublications.com/products/9780486462783},
  note         = {Classic text on model reference adaptive systems and parameter estimation},
}

@book{ioannou1996robust,
  author       = {Ioannou, Petros A. and Sun, Jing},
  title        = {Robust Adaptive Control},
  year         = {1996},
  publisher    = {Prentice Hall},
  address      = {Upper Saddle River, NJ},
  isbn         = {978-0133439717},
  url          = {https://www.pearson.com/en-us/subject-catalog/p/robust-adaptive-control/P200000003290},
  note         = {Comprehensive treatment of robust adaptive laws with parameter projection},
}

@book{ioannou1983adaptive,
  author       = {Ioannou, Petros A. and Kokotovic, Petar V.},
  title        = {Adaptive Systems with Reduced Models},
  year         = {1983},
  publisher    = {Springer-Verlag},
  address      = {New York, NY},
  isbn         = {978-0387909868},
  doi          = {10.1007/BFb0006310},
}

@book{narendra2005stable,
  author       = {Narendra, Kumpati S. and Annaswamy, Anuradha M.},
  title        = {Stable Adaptive Systems},
  year         = {2005},
  publisher    = {Dover Publications},
  address      = {Mineola, NY},
  isbn         = {978-0486442266},
  url          = {https://store.doverpublications.com/products/9780486442266},
  note         = {Direct and indirect adaptive control with Lyapunov stability analysis},
}

@article{slotine1986adaptive,
  author       = {Slotine, Jean-Jacques E. and Coetsee, J. A.},
  title        = {Adaptive sliding controller synthesis for non-linear systems},
  journal      = {International Journal of Control},
  volume       = {43},
  number       = {6},
  pages        = {1631--1651},
  year         = {1986},
  doi          = {10.1080/00207178608933564},
}

@article{plestan2010new,
  author       = {Plestan, Franck and Shtessel, Yuri and Brégeault, Vincent and Poznyak, Alexander},
  title        = {New methodologies for adaptive sliding mode control},
  journal      = {International Journal of Control},
  volume       = {83},
  number       = {9},
  pages        = {1907--1919},
  year         = {2010},
  doi          = {10.1080/00207179.2010.501385},
}

@article{pomet1992adaptive,
  author       = {Pomet, Jean-Baptiste and Praly, Laurent},
  title        = {Adaptive nonlinear regulation: Estimation from the Lyapunov equation},
  journal      = {IEEE Transactions on Automatic Control},
  volume       = {37},
  number       = {6},
  pages        = {729--740},
  year         = {1992},
  doi          = {10.1109/9.256328},
}

@book{dip_goldstein_2002_classical_mechanics,
  author       = {Goldstein, Herbert and Poole, Charles P. and Safko, John L.},
  title        = {Classical Mechanics},
  edition      = {3rd},
  publisher    = {Addison-Wesley},
  year         = {2002},
  isbn         = {978-0201657029},
  url          = {https://www.pearson.com/en-us/subject-catalog/p/classical-mechanics/P200000006094},
  note         = {Lagrangian and Hamiltonian mechanics for inverted pendulum dynamics},
}

@book{dip_spong_2006_robot_modeling_control,
  author       = {Spong, Mark W. and Hutchinson, Seth and Vidyasagar, M.},
  title        = {Robot Modeling and Control},
  publisher    = {John Wiley \& Sons},
  year         = {2006},
  isbn         = {978-0471649908},
  url          = {https://www.wiley.com/en-us/Robot+Modeling+and+Control-p-9780471649908},
  note         = {Robot dynamics and control including inverted pendulum systems},
}

@inproceedings{dip_furuta_2003_swing_up_control,
  author       = {Furuta, Katsuhisa and Yamakita, Masaki and Kobayashi, Shigenori},
  title        = {Swing-up Control of Inverted Pendulum Using Pseudo-State Feedback},
  booktitle    = {Proceedings of the Institution of Mechanical Engineers, Part I: Journal of Systems and Control Engineering},
  volume       = {206},
  number       = {4},
  pages        = {263--269},
  year         = {1992},
  doi          = {10.1243/PIME_PROC_1992_206_341_02},
  note         = {Swing-up control methodology for rotational inverted pendulum (Furuta pendulum)},
}

@inproceedings{dip_boubaker_2013_double_inverted_pendulum_benchmark,
  author       = {Boubaker, Olfa},
  title        = {The inverted pendulum benchmark in nonlinear control theory: a survey},
  booktitle    = {International Journal of Advanced Robotic Systems},
  volume       = {10},
  number       = {5},
  pages        = {233},
  year         = {2013},
  doi          = {10.5772/55058},
  note         = {Comprehensive survey of inverted pendulum control strategies and benchmarks},
}

@book{dip_khalil_2002_nonlinear_systems,
  author       = {Khalil, Hassan K.},
  title        = {Nonlinear Systems},
  edition      = {3},
  publisher    = {Prentice Hall},
  address      = {Upper Saddle River, NJ},
  year         = {2002},
  isbn         = {0-13-067389-7},
  url          = {https://www.pearson.com/en-us/subject-catalog/p/nonlinear-systems/P200000003484},
  note         = {Comprehensive nonlinear control theory including Lyapunov stability and feedback linearization},
}

@article{dip_boubaker_2014_inverted_pendulum,
  author       = {Boubaker, A.},
  title        = {The inverted pendulum: a fundamental benchmark in control theory and robotics},
  journal      = {International Journal of Automation & Control},
  volume       = {8},
  number       = {2},
  pages        = {94--115},
  year         = {2014},
  doi          = {10.1504/IJAAC.2014.064739},
  note         = {Inverted pendulum as fundamental benchmark for nonlinear control validation},
}

@article{dip_irfan_2023_control_strategies_double_inverted_pendulum,
  author       = {Irfan, I. and Irfan, U. and Ahmad, M. W. and Saleem, A.},
  title        = {Control strategies for a double inverted pendulum system},
  journal      = {PLOS ONE},
  volume       = {18},
  number       = {3},
  pages        = {e0282522},
  year         = {2023},
  doi          = {10.1371/journal.pone.0282522},
  note         = {Comparative analysis of control strategies for double inverted pendulum stabilization},
}

@inproceedings{dip_zhong_2001_energy_passivity_based_control,
  author       = {Zhong, W. and R{"o},
}

@book{gertler1998fault,
  author       = {Gertler, Janos},
  title        = {Fault Detection and Diagnosis in Engineering Systems},
  year         = {1998},
  publisher    = {CRC Press},
  address      = {Boca Raton, FL},
  isbn         = {978-0824793517},
  doi          = {10.1201/9780203756126},
  note         = {Comprehensive treatment of threshold selection and hysteresis methods},
}

@book{chen1999robust,
  author       = {Chen, Jie and Patton, Ron J.},
  title        = {Robust Model-Based Fault Diagnosis for Dynamic Systems},
  year         = {1999},
  publisher    = {Springer},
  address      = {Boston, MA},
  isbn         = {978-1461272595},
  doi          = {10.1007/978-1-4615-5149-2},
  note         = {Probabilistic and deterministic threshold determination approaches},
}

@book{isermann2006fault,
  author       = {Isermann, Rolf},
  title        = {Fault-Diagnosis Systems: An Introduction from Fault Detection to Fault Tolerance},
  year         = {2006},
  publisher    = {Springer},
  address      = {Berlin},
  isbn         = {978-3540241126},
  doi          = {10.1007/3-540-30368-5},
  note         = {Design guidelines for hysteresis thresholds and residual evaluation},
}

@book{ding2008model,
  author       = {Ding, Steven X.},
  title        = {Model-based Fault Diagnosis Techniques: Design Schemes, Algorithms, and Tools},
  year         = {2008},
  publisher    = {Springer},
  address      = {Berlin},
  isbn         = {978-3540763031},
  doi          = {10.1007/978-3-540-76304-8},
  note         = {Adaptive and robust threshold design with optimal deadband selection},
}

@inproceedings{fdi_miljkovic_2021_hysteresis,
  author       = {Miljkovic, Dubravko},
  title        = {Fault Detection Using Limit Checking -- A Brief Introductory Review},
  booktitle    = {Proc. 44th International Convention on Information and Communication Technology, Electronics and Microelectronics (MIPRO 2021/CTS)},
  year         = {2021},
  pages        = {1060--1064},
  address      = {Opatija, Croatia},
  month        = {May},
  doi          = {10.1109/MIPRO52450.2021.9596857},
  note         = {Hysteresis deadband prevents oscillation in residual-based fault detection},
}

@inproceedings{fdi_lau_2003_switched_integrator,
  author       = {Lau, K. and Middleton, R. H.},
  title        = {Switched Integrator Control Schemes for Integrating Plants},
  booktitle    = {Proc. European Control Conference (ECC 2003)},
  year         = {2003},
  pages        = {1--6},
  address      = {Cambridge, UK},
  month        = {September},
  url          = {https://skoge.folk.ntnu.no/prost/proceedings/ecc03/pdfs/091.pdf},
  note         = {Bounded derivative ensures finite switching under hysteresis},
}

@inproceedings{fdi_prandini_2003_hysteresis_switching,
  author       = {Prandini, Maria and Hespanha, Jo{\~a},
}

@book{press2007numerical,
  author       = {Press, William H. and Teukolsky, Saul A. and Vetterling, William T. and Flannery, Brian P.},
  title        = {Numerical Recipes: The Art of Scientific Computing},
  edition      = {3},
  year         = {2007},
  publisher    = {Cambridge University Press},
  address      = {Cambridge, UK},
  isbn         = {978-0521880688},
  url          = {https://numerical.recipes/},
  note         = {Chapter 17: Integration of Ordinary Differential Equations - Runge-Kutta methods},
}

@book{hairer1993solving1,
  author       = {Hairer, Ernst and Nørsett, Syvert P. and Wanner, Gerhard},
  title        = {Solving Ordinary Differential Equations I: Nonstiff Problems},
  edition      = {2},
  year         = {1993},
  publisher    = {Springer-Verlag},
  address      = {Berlin},
  isbn         = {978-3540566700},
  doi          = {10.1007/978-3-540-78862-1},
  note         = {Chapter II: Runge-Kutta and Extrapolation Methods - order conditions for explicit RK},
}

@book{hairer1996solving2,
  author       = {Hairer, Ernst and Wanner, Gerhard},
  title        = {Solving Ordinary Differential Equations II: Stiff and Differential-Algebraic Problems},
  edition      = {2},
  year         = {1996},
  publisher    = {Springer-Verlag},
  address      = {Berlin},
  isbn         = {978-3540604525},
  doi          = {10.1007/978-3-642-05221-7},
  note         = {Chapter IV: Stiff Problems - One-Step Methods, characterization of stiffness},
}

@book{butcher2016numerical,
  author       = {Butcher, John C.},
  title        = {Numerical Methods for Ordinary Differential Equations},
  edition      = {3},
  year         = {2016},
  publisher    = {John Wiley \& Sons},
  address      = {Chichester, UK},
  isbn         = {978-1119121503},
  doi          = {10.1002/9781119121534},
  note         = {Chapter 3: Runge-Kutta Methods - Dormand-Prince RK45 method},
}

@book{ascher1998computer,
  author       = {Ascher, Uri M. and Petzold, Linda R.},
  title        = {Computer Methods for Ordinary Differential Equations and Differential-Algebraic Equations},
  year         = {1998},
  publisher    = {Society for Industrial and Applied Mathematics},
  address      = {Philadelphia, PA},
  isbn         = {978-0898714128},
  doi          = {10.1137/1.9781611971392},
  note         = {Chapter 5: Stability of Multistep Methods - A-stability, L-stability, Dahlquist barrier},
}

@article{pso_zhang_2015_comprehensive_survey,
  author       = {Zhang, Y. and Wang, S. and Ji, G.},
  title        = {A Comprehensive Survey on Particle Swarm Optimization Algorithm and Its Applications},
  journal      = {Mathematical Problems in Engineering},
  volume       = {2015},
  year         = {2015},
  doi          = {10.1155/2015/931256},
  note         = {Comprehensive PSO survey covering theory, variants, and applications},
}

@book{pso_coello_2007_evolutionary_algorithms,
  author       = {Coello Coello, Carlos A. and Lamont, Gary B. and Van Veldhuizen, David A.},
  title        = {Evolutionary Algorithms for Solving Multi-Objective Problems},
  publisher    = {Springer},
  year         = {2007},
  edition      = {2nd},
  doi          = {10.1007/978-0-387-36797-2},
  note         = {Multi-objective optimization with evolutionary algorithms including PSO},
}

@inproceedings{pso_deb_2001_fast_elitist,
  author       = {Deb, K. and Pratap, A. and Agarwal, S. and Meyarivan, T.},
  title        = {A Fast and Elitist Multiobjective Genetic Algorithm: NSGA-II},
  booktitle    = {IEEE Transactions on Evolutionary Computation},
  volume       = {6},
  number       = {2},
  pages        = {182--197},
  year         = {2002},
  doi          = {10.1109/4235.996017},
  note         = {NSGA-II multi-objective optimization benchmark for PSO comparison},
}

@article{pso_wolpert_1997_no_free_lunch,
  author       = {Wolpert, David H. and Macready, William G.},
  title        = {No Free Lunch Theorems for Optimization},
  journal      = {IEEE Transactions on Evolutionary Computation},
  volume       = {1},
  number       = {1},
  pages        = {67--82},
  year         = {1997},
  doi          = {10.1109/4235.585893},
  note         = {No Free Lunch theorems establishing theoretical limits of optimization algorithms},
}

@article{pso_freitas_2020_particle_swarm_optimization,
  author       = {Freitas, D. and Lopes, L. G. and Morgado-Dias, F.},
  title        = {Particle swarm optimization: a historical review up to the current developments},
  journal      = {Entropy},
  volume       = {22},
  pages        = {362},
  year         = {2020},
  doi          = {10.3390/e22030362},
  note         = {Historical review and comprehensive survey of PSO developments},
}

@inproceedings{pso_kennedy_1995_particle_swarm_optimization,
  author       = {Kennedy, James and Eberhart, Russell},
  title        = {Particle swarm optimization},
  booktitle    = {Proceedings of the IEEE International Conference on Neural Networks},
  volume       = {4},
  pages        = {1942--1948},
  year         = {1995},
  doi          = {10.1109/ICNN.1995.488968},
}

@article{pso_khan_2017_robust_particle_swarm_optimisation,
  author       = {Khan, A. and Ahmed, A. and Tokhi, M. O.},
  title        = {Robust particle swarm optimisation for uncertain dynamic systems},
  journal      = {IET Control Theory & Applications},
  volume       = {11},
  number       = {3},
  pages        = {435--443},
  year         = {2017},
  doi          = {10.1049/iet-cta.2016.0707},
  note         = {Robust PSO variant for uncertain dynamic systems with adaptive parameters},
}

@article{pso_clerc_2002_particle_swarm,
  author       = {Clerc, Maurice and Kennedy, James},
  title        = {The particle swarm - explosion, stability, and convergence in a multidimensional complex space},
  journal      = {IEEE Transactions on Evolutionary Computation},
  volume       = {6},
  number       = {1},
  pages        = {58--73},
  year         = {2002},
  doi          = {10.1109/4235.985692},
  note         = {Theorem 1: Stability conditions for PSO particle dynamics},
}

@article{pso_trelea_2003_convergence,
  author       = {Trelea, Ioan Cristian},
  title        = {The particle swarm optimization algorithm: convergence analysis and parameter selection},
  journal      = {Information Processing Letters},
  volume       = {85},
  number       = {6},
  pages        = {317--325},
  year         = {2003},
  doi          = {10.1016/S0020-0190(02)00447-7},
}

@article{pso_van_den_bergh_2006_trajectories,
  author       = {van den Bergh, Frans and Engelbrecht, Andries P.},
  title        = {A study of particle swarm optimization particle trajectories},
  journal      = {Information Sciences},
  volume       = {176},
  number       = {8},
  pages        = {937--971},
  year         = {2006},
  doi          = {10.1016/j.ins.2005.02.003},
}

@book{pso_clerc_2006_particle_swarm,
  author       = {Clerc, Maurice},
  title        = {Particle Swarm Optimization},
  year         = {2006},
  publisher    = {ISTE Ltd},
  address      = {London, UK},
  isbn         = {978-1905209040},
  doi          = {10.1002/9780470612163},
  note         = {Chapter 4: Convergence Analysis - probabilistic convergence proofs},
}

@article{pso_jiang_2007_stochastic,
  author       = {Jiang, Ming and Luo, Yun Ping and Yang, Shu Yan},
  title        = {Stochastic convergence analysis and parameter selection of the standard particle swarm optimization algorithm},
  journal      = {Information Processing Letters},
  volume       = {102},
  number       = {1},
  pages        = {8--16},
  year         = {2007},
  doi          = {10.1016/j.ipl.2006.10.005},
}

@inproceedings{pso_shi_1998_modified,
  author       = {Shi, Yuhui and Eberhart, Russell},
  title        = {A modified particle swarm optimizer},
  booktitle    = {Proceedings of IEEE International Conference on Evolutionary Computation},
  pages        = {69--73},
  year         = {1998},
  doi          = {10.1109/ICEC.1998.699146},
}

@article{pso_poli_2007_particle_swarm,
  author       = {Poli, Riccardo and Kennedy, James and Blackwell, Tim},
  title        = {Particle swarm optimization: An overview},
  journal      = {Swarm Intelligence},
  volume       = {1},
  number       = {1},
  pages        = {33--57},
  year         = {2007},
  doi          = {10.1007/s11721-007-0002-0},
}

@article{pso_pham_2024_hierarchical_sliding_mode,
  author       = {Pham, Duc-Binh and Dao, Quy-Thinh and Nguyen, Thi-Van-Anh},
  title        = {Optimized Hierarchical Sliding Mode Control for the Swing-Up and Stabilization of a Rotary Inverted Pendulum},
  journal      = {Automation},
  volume       = {5},
  number       = {3},
  pages        = {282--296},
  year         = {2024},
  doi          = {10.3390/automation5030017},
  note         = {PSO-tuned HSMC gains with Lyapunov stability proof for underactuated systems},
}

@article{pso_babushanmugham_2018_optimization_techniques,
  author       = {Babushanmugham, S. and Srinivasan, S. and Sivaraman, E.},
  title        = {Assessment of Optimisation Techniques for Sliding Mode Control of an Inverted Pendulum},
  journal      = {International Journal of Applied Engineering Research},
  volume       = {13},
  number       = {14},
  pages        = {11518--11524},
  year         = {2018},
  url          = {https://www.ripublication.com/ijaer18/ijaerv13n14_24.pdf},
  note         = {PSO and GA for SMC parameter tuning with Lyapunov-based stability},
}

@misc{pso_singh_2022_modified_pso_pid,
  author       = {Singh, Kirtiman and Padhy, Prabin Kumar},
  title        = {Modified PSO-based PID Sliding Mode Control using Improved Reaching Law for Non-linear Systems},
  year         = {2022},
  eprint       = {2209.09170},
  archiveprefix = {arXiv},
  primaryclass = {eess.SY},
  url          = {https://arxiv.org/pdf/2209.09170},
  note         = {Modified PSO with Lyapunov-based reaching law for PID-SMC},
}

@article{pso_liu_2025_hepso_smc,
  author       = {Liu, Zhongwei and Zhang, Tianyu and Huang, Sibo and Wang, He},
  title        = {HEPSO-SMC: A Sliding-Mode Controller Optimized by Hybrid Enhanced Particle Swarm Algorithm for Manipulators},
  journal      = {Scientific Reports},
  volume       = {15},
  pages        = {16580},
  year         = {2025},
  doi          = {10.1038/s41598-025-00728-6},
  note         = {Hybrid enhanced PSO for sliding-mode controller with Lyapunov stability preservation},
}

@phdthesis{pso_van_den_bergh_2001_analysis,
  author       = {van den Bergh, Frans},
  title        = {An Analysis of Particle Swarm Optimizers},
  school       = {University of Pretoria},
  year         = {2001},
  url          = {https://bee22.com/resources/Bergh%202006.pdf},
  note         = {Constriction factor analysis and stability conditions for PSO convergence},
}

@article{pso_gopal_2019_stability_analysis,
  author       = {Gopal, Anshul and Sultani, Mohammad Mahdi and Bansal, Jagdish Chand},
  title        = {On Stability Analysis of Particle Swarm Optimization Algorithm},
  journal      = {Arabian Journal for Science and Engineering},
  volume       = {45},
  pages        = {2385--2394},
  year         = {2019},
  doi          = {10.1007/s13369-019-03991-8},
  note         = {Von Neumann stability criterion for PSO parameter bounds},
}

@article{pso_nigatu_2024_convergence_constriction,
  author       = {Nigatu, Dereje T. and Dinka, Tekle G. and Tilahun, Surafel L.},
  title        = {Convergence Analysis of Particle Swarm Optimization Algorithms for Different Constriction Factors},
  journal      = {Frontiers in Applied Mathematics and Statistics},
  volume       = {10},
  year         = {2024},
  month        = {February},
  doi          = {10.3389/fams.2024.1304268},
  note         = {Markov-chain proof of almost-sure convergence with decreasing inertia weight},
}

@phdthesis{pso_schmitt_2015_convergence_analysis,
  author       = {Schmitt, Berthold Immanuel},
  title        = {Convergence Analysis for Particle Swarm Optimization},
  school       = {Friedrich-Alexander University Erlangen-N{\"u},
}

@book{smc_utkin_1999_sliding_mode_foundations,
  author       = {Utkin, Vadim I.},
  title        = {Sliding Mode Control Design Principles and Applications to Electric Drives},
  journal      = {IEEE Transactions on Industrial Electronics},
  volume       = {40},
  number       = {1},
  pages        = {23--36},
  year         = {1993},
  doi          = {10.1109/41.184818},
  note         = {Foundational sliding mode control principles and variable structure systems},
}

@article{smc_moreno_2012_strict_lyapunov,
  author       = {Moreno, Jaime A. and Osorio, M.},
  title        = {Strict Lyapunov Functions for the Super-Twisting Algorithm},
  journal      = {IEEE Transactions on Automatic Control},
  volume       = {57},
  number       = {4},
  pages        = {1035--1040},
  year         = {2012},
  doi          = {10.1109/TAC.2012.2186179},
  note         = {Strict Lyapunov analysis for super-twisting finite-time convergence},
}

@book{smc_krstic_1995_nonlinear_adaptive,
  author       = {Krsti\'{c},
}

@book{smc_slotine_li_1991_applied_nonlinear_control,
  author       = {Slotine, Jean-Jacques E. and Li, Weiping},
  title        = {Applied Nonlinear Control},
  publisher    = {Prentice Hall},
  address      = {Englewood Cliffs, NJ},
  year         = {1991},
  isbn         = {0-13-040890-5},
  url          = {https://www.pearson.com/en-us/subject-catalog/p/applied-nonlinear-control/P200000003405},
  note         = {Lyapunov stability theory and sliding mode control foundations},
}

@book{smc_utkin_2013_sliding_mode_control,
  author       = {Utkin, Vadim and Guldner, J{"u},
}

@article{smc_levant_2003_higher_order_smc,
  author       = {Levant, Arie},
  title        = {Higher-order sliding modes, differentiation and output-feedback control},
  journal      = {International Journal of Control},
  volume       = {76},
  number       = {9--10},
  pages        = {924--941},
  year         = {2003},
  doi          = {10.1080/0020717031000099029},
}

@book{smc_shtessel_2014_sliding_mode_control_and_observation,
  author       = {Shtessel, Yuri and Edwards, Christopher and Fridman, Leonid and Levant, Arie},
  title        = {Sliding Mode Control and Observation},
  publisher    = {Birkh{"a},
}

@article{smc_utkin_1993_sliding_mode_control_design,
  author       = {Utkin, Vadim I.},
  title        = {Sliding mode control design principles and applications to electric drives},
  journal      = {IEEE Transactions on Industrial Electronics},
  volume       = {40},
  number       = {1},
  pages        = {23--36},
  year         = {1993},
  doi          = {10.1109/41.184818},
}

@unpublished{smc_gaber_2025_observer_free_sliding_mode_control,
  author       = {Gaber, J.},
  title        = {Observer-free sliding mode control via structured decomposition: a smooth and bounded control framework},
  year         = {2025},
  url          = {https://arxiv.org/abs/2501.03856},
  note         = {arXiv preprint - Observer-free SMC with structured decomposition for smooth bounded control},
}

@article{smc_gong_2022_robust_sliding_mode_control,
  author       = {Gong, Z. and Ba, Y. and Zhang, M. and Guo, Y.},
  title        = {Robust sliding mode control of the permanent magnet synchronous motor with an improved power reaching law},
  journal      = {Energies},
  volume       = {15},
  number       = {5},
  pages        = {1935},
  year         = {2022},
  doi          = {10.3390/en15051935},
  note         = {Robust SMC with improved power reaching law for motor control},
}

@article{smc_yang_2007_adaptive_sliding_mode_control,
  author       = {Yang, Y. and Meng, M. Q.-H. and Tan, K. K.},
  title        = {Adaptive sliding mode control for uncertain systems},
  journal      = {Automatica},
  volume       = {43},
  number       = {2},
  pages        = {201--207},
  year         = {2007},
  doi          = {10.1016/j.automatica.2006.08.017},
  note         = {Adaptive SMC with online uncertainty estimation for robustness},
}

@article{smc_huang_2008_adaptive_second_order_sliding_mode_control,
  author       = {Huang, J. and Yao, B. and Tao, G.},
  title        = {Adaptive second-order sliding-mode control of nonlinear systems},
  journal      = {IEEE Transactions on Automatic Control},
  volume       = {53},
  number       = {11},
  pages        = {2689--2694},
  year         = {2008},
  doi          = {10.1109/TAC.2008.2007883},
  note         = {Second-order adaptive sliding mode control for enhanced robustness},
}

@article{smc_messina_2013_multi_objective_optimal_tuning,
  author       = {Messina, A. and Lanzafame, R. and Tomarchio, S.},
  title        = {Multi-objective optimal tuning of sliding mode controllers by evolutionary algorithms},
  journal      = {IEEE/ASME Transactions on Mechatronics},
  volume       = {18},
  number       = {5},
  pages        = {1446--1454},
  year         = {2013},
  doi          = {10.1109/TMECH.2012.2202903},
  note         = {Multi-objective evolutionary optimization for SMC parameter tuning},
}

@article{smc_utkin_1977_variable_structure_systems,
  author       = {Utkin, V. I.},
  title        = {Variable structure systems with sliding modes},
  journal      = {IEEE Transactions on Automatic Control},
  volume       = {22},
  number       = {2},
  pages        = {212--222},
  year         = {1977},
  doi          = {10.1109/TAC.1977.1101446},
  note         = {Foundational paper on variable structure systems and sliding mode theory},
}

@article{smc_slotine_sastry_1983_tracking_control,
  author       = {Slotine, J.-J. and Sastry, S.},
  title        = {Tracking control of nonlinear systems using sliding surfaces},
  journal      = {International Journal of Control},
  volume       = {38},
  number       = {2},
  pages        = {465--492},
  year         = {1983},
  doi          = {10.1080/00207178308933088},
  note         = {Tracking control methodology using sliding surfaces for nonlinear systems},
}

@book{smc_edwards_spurgeon_1998_sliding_mode_control,
  author       = {Edwards, Christopher and Spurgeon, Sarah K.},
  title        = {Sliding Mode Control: Theory and Applications},
  publisher    = {CRC Press},
  address      = {Boca Raton, FL},
  year         = {1998},
  isbn         = {978-0748406012},
  doi          = {10.1201/9781498701822},
  note         = {Chapter 3: Sliding Surface Design - pole placement via surface parameters},
}

@book{smc_utkin_1992_sliding_modes,
  author       = {Utkin, Vadim I.},
  title        = {Sliding Modes in Control and Optimization},
  publisher    = {Springer-Verlag},
  address      = {Berlin},
  year         = {1992},
  isbn         = {978-3642843792},
  doi          = {10.1007/978-3-642-84379-2},
  note         = {Chapter 2: Sliding Mode Equations - exponential stability for linear sliding surfaces},
}

@article{smc_burton_1986_continuous,
  author       = {Burton, J. A. and Zinober, A. S. I.},
  title        = {Continuous approximation of variable structure control},
  journal      = {International Journal of Systems Science},
  volume       = {17},
  number       = {6},
  pages        = {875--885},
  year         = {1986},
  doi          = {10.1080/00207728608926853},
}

@article{smc_levant_2007_principles,
  author       = {Levant, Arie},
  title        = {Principles of 2-sliding mode design},
  journal      = {Automatica},
  volume       = {43},
  number       = {4},
  pages        = {576--586},
  year         = {2007},
  doi          = {10.1016/j.automatica.2006.10.008},
}

@article{smc_young_1999_control_engineer,
  author       = {Young, K. David and Utkin, Vadim I. and Özgüner, Ümit},
  title        = {A control engineer's guide to sliding mode control},
  journal      = {IEEE Transactions on Control Systems Technology},
  volume       = {7},
  number       = {3},
  pages        = {328--342},
  year         = {1999},
  doi          = {10.1109/87.761053},
}

@article{smc_levant_1993_sliding_order,
  author       = {Levant, Arie},
  title        = {Sliding order and sliding accuracy in sliding mode control},
  journal      = {International Journal of Control},
  volume       = {58},
  number       = {6},
  pages        = {1247--1263},
  year         = {1993},
  doi          = {10.1080/00207179308923053},
}

@inbook{smc_bucak_2020_analysis_robotics,
  author       = {Bucak, {\.I},
}

@article{smc_edardar_2015_hysteresis_compensation,
  author       = {Edardar, M. and Tan, X. and Khalil, H. K.},
  title        = {Design and Analysis of Sliding Mode Controller Under Approximate Hysteresis Compensation},
  journal      = {IEEE Transactions on Control Systems Technology},
  volume       = {23},
  number       = {2},
  pages        = {598--609},
  year         = {2015},
  doi          = {10.1109/TCST.2014.2329187},
  note         = {Hurwitz polynomial design for sliding surface with pole placement},
}

@inbook{smc_farrell_2006_adaptive_approximation,
  author       = {Farrell, Jay A. and Polycarpou, Marios M.},
  title        = {Sliding Mode Control},
  booktitle    = {Adaptive Approximation Based Control: Unifying Neural, Fuzzy and Traditional Adaptive Approximation Approaches},
  year         = {2006},
  publisher    = {Wiley-Interscience},
  chapter      = {5.4.2},
  isbn         = {978-0-471-72788-0},
  doi          = {10.1002/0471727881},
  note         = {Adaptive approximation and SMC for uncertain nonlinear systems},
}

@unpublished{smc_khalil_lecture32_sliding_mode,
  author       = {Khalil, Hassan K.},
  title        = {Lecture 32: Sliding-mode control},
  note         = {Lyapunov reaching law with finite-time bound derivation},
  year         = {2002},
  url          = {https://www.egr.msu.edu/~khalil/NonlinearSystems/Sample/Lect_32.pdf},
}

@unpublished{smc_khalil_lecture33_sliding_mode,
  author       = {Khalil, Hassan K.},
  title        = {Lecture 33: Sliding-mode control},
  note         = {Global finite-time convergence theorem for classical SMC with bounded uncertainties},
  year         = {2002},
  url          = {https://www.egr.msu.edu/~khalil/NonlinearSystems/Sample/Lect_33.pdf},
}

@inbook{smc_kunusch_2012_pem_fuel_cells,
  author       = {Kunusch, Cristian and Puleston, Paul and Mayosky, Miguel},
  title        = {Fundamentals of sliding-mode control design},
  booktitle    = {Sliding-Mode Control of PEM Fuel Cells},
  series       = {Advances in Industrial Control},
  year         = {2012},
  publisher    = {Springer},
  chapter      = {3},
  pages        = {70--85},
  doi          = {10.1007/978-1-4471-2431-3_3},
  note         = {Lyapunov-based finite-time stability proposition with explicit time bounds},
}

@article{smc_slavik_2001_delay,
  author       = {Sl{\'a},
}

@unpublished{smc_orlov_2018_analysis_tools,
  author       = {Orlov, Yury},
  title        = {Analysis tools of sliding mode systems},
  note         = {Finite-time stability via Lyapunov analysis for relay systems},
  year         = {2018},
  url          = {https://www.sc.iitb.ac.in/archiveTalks/2018-19/05-11-2018_Yury-Orlov.pdf},
}

@incollection{smc_levant_2003_higher_order_introduction,
  author       = {Levant, Arie},
  title        = {Introduction to high-order sliding modes},
  booktitle    = {Variable Structure Systems: From Principles to Implementation},
  year         = {2003},
  publisher    = {IET},
  pages        = {1--24},
  url          = {https://www.tau.ac.il/~levant/hosm2002.pdf},
  note         = {Original super-twisting algorithm formulation with finite-time convergence},
}

@inproceedings{smc_moreno_2008_lyapunov_sta,
  author       = {Moreno, Jaime A. and Osorio, Marco},
  title        = {A Lyapunov approach to second-order sliding mode controllers and observers},
  booktitle    = {Proc. 47th IEEE Conference on Decision and Control (CDC 2008)},
  year         = {2008},
  pages        = {2856--2861},
  address      = {Cancun, Mexico},
  month        = {December},
  doi          = {10.1109/CDC.2008.4739356},
  url          = {https://skoge.folk.ntnu.no/prost/proceedings/cdc-2008/data/papers/1621.pdf},
  note         = {First Lyapunov-based proof of finite-time convergence for super-twisting algorithm},
}

@article{smc_seeber_2017_sta_parameter_setting,
  author       = {Seeber, Richard and Horn, Martin},
  title        = {Stability proof for a well-established super-twisting parameter setting},
  journal      = {Automatica},
  volume       = {84},
  pages        = {241--243},
  year         = {2017},
  doi          = {10.1016/j.automatica.2017.07.002},
  note         = {Refined convergence conditions for super-twisting with reduced gains},
}

@article{smc_plestan_2010_adaptive_methodologies,
  author       = {Plestan, Franck and Shtessel, Yuri and Br{\'e},
}

@article{smc_roy_2020_adaptive_unbounded,
  author       = {Roy, Spandan and Baldi, Simone and Fridman, Leonid M.},
  title        = {On adaptive sliding mode control without a priori bounded uncertainty},
  journal      = {Automatica},
  volume       = {111},
  pages        = {108650},
  year         = {2020},
  doi          = {10.1016/j.automatica.2019.108650},
  note         = {Uniform ultimate boundedness without prior uncertainty bound knowledge},
}

@article{smc_sahamijoo_2016_chattering_attenuation,
  author       = {Sahamijoo, Armin and Ismail, Zool and Samad, Shafishuhaza Ahmad and Yatim, Dolah Mohd},
  title        = {Methodologies of chattering attenuation in sliding mode controller},
  journal      = {International Journal of Hybrid Information Technology},
  volume       = {9},
  number       = {2},
  pages        = {255--264},
  year         = {2016},
  url          = {https://gvpress.com/journals/IJHIT/vol9_no2/2.pdf},
  note         = {Trade-off analysis: boundary layer width vs tracking error vs chattering},
}

@software{soft_scipy_2024_fundamental_algorithms,
  author       = {Virtanen, Pauli and others},
  title        = {{SciPy},
}

@software{soft_numpy_2024_fundamental_package,
  author       = {Harris, Charles R. and others},
  title        = {{NumPy},
}

@article{soft_raichle_2008_numerical_solution_of_stiff_odes,
  author       = {Raichle, H. and Kanzow, C. and Rentrop, P.},
  title        = {On the numerical solution of stiff ODEs arising in sliding mode control},
  journal      = {Automatica},
  volume       = {44},
  number       = {12},
  pages        = {3078--3083},
  year         = {2008},
  doi          = {10.1016/j.automatica.2008.05.019},
  note         = {Numerical integration methods for stiff ODE systems in sliding mode control},
}

@unpublished{soft_ekanathan_2025_fully_adaptive_radau_method,
  author       = {Ekanathan, S. and Smith, O. and Rackauckas, C.},
  title        = {A fully adaptive Radau method for the efficient solution of stiff ordinary differential equations at low tolerances},
  year         = {2025},
  url          = {https://arxiv.org/abs/2501.05125},
  note         = {arXiv preprint - Adaptive Radau IIA for stiff ODE integration with sliding mode dynamics},
}

@book{khalil2002nonlinear,
  author       = {Khalil, Hassan K.},
  title        = {Nonlinear Systems},
  edition      = {3},
  year         = {2002},
  publisher    = {Prentice Hall},
  address      = {Upper Saddle River, NJ},
  isbn         = {978-0130673893},
  url          = {https://www.pearson.com/en-us/subject-catalog/p/nonlinear-systems/P200000003484},
  note         = {Chapter 4: Lyapunov Stability - Modern treatment of Lyapunov theory},
}

@book{lyapunov1992general,
  author       = {Lyapunov, Aleksandr Mikhailovich},
  title        = {The General Problem of the Stability of Motion},
  year         = {1992},
  publisher    = {Taylor \& Francis},
  isbn         = {978-0748400621},
  doi          = {10.1080/00207179208934253},
  note         = {English translation of 1892 original doctoral thesis},
}

@article{bhat2000finite,
  author       = {Bhat, Sanjay P. and Bernstein, Dennis S.},
  title        = {Finite-time stability of continuous autonomous systems},
  journal      = {SIAM Journal on Control and Optimization},
  volume       = {38},
  number       = {3},
  pages        = {751--766},
  year         = {2000},
  doi          = {10.1137/S0363012997321358},
}

@article{moulay2006finite,
  author       = {Moulay, Emmanuel and Perruquetti, Wilfrid},
  title        = {Finite time stability and stabilization of a class of continuous systems},
  journal      = {Journal of Mathematical Analysis and Applications},
  volume       = {323},
  number       = {2},
  pages        = {1430--1443},
  year         = {2006},
  doi          = {10.1016/j.jmaa.2005.11.046},
}

@article{polyakov2012nonlinear,
  author       = {Polyakov, Andrey},
  title        = {Nonlinear feedback design for fixed-time stabilization of linear controllable systems},
  journal      = {IEEE Transactions on Automatic Control},
  volume       = {57},
  number       = {8},
  pages        = {2106--2110},
  year         = {2012},
  doi          = {10.1109/TAC.2011.2179869},
}

@book{vidyasagar2002nonlinear,
  author       = {Vidyasagar, Mathukumalli},
  title        = {Nonlinear Systems Analysis},
  edition      = {2},
  year         = {2002},
  publisher    = {Society for Industrial and Applied Mathematics},
  address      = {Philadelphia, PA},
  isbn         = {978-0898715262},
  doi          = {10.1137/1.9780898719185},
}

