%==========================================================================================\\\
%=============================== docs/references/refs.bib ============================\\\
%==========================================================================================\\\

% Complete bibliography for DIP_SMC_PSO project
% IEEE citation style with DOIs where available

% ========================================
% Sliding Mode Control - Foundational Works
% ========================================

@book{utkin1999sliding,
  title={Sliding Mode Control in Electro-Mechanical Systems},
  author={Utkin, Vadim and Guldner, J{\"u}rgen and Shi, Jingxin},
  year={1999},
  publisher={CRC Press},
  address={Boca Raton, FL},
  isbn={9780748408269},
  keywords={sliding mode control, electromechanical systems}
}

@book{edwards1998sliding,
  title={Sliding Mode Control: Theory and Applications},
  author={Edwards, Christopher and Spurgeon, Sarah K},
  year={1998},
  publisher={CRC Press},
  address={London, UK},
  isbn={9780748406012},
  keywords={sliding mode control, theory, applications}
}



% ========================================
% Higher-Order and Super-Twisting SMC
% ========================================





@article{davila2005second,
  title={Second-order sliding-mode observer for mechanical systems},
  author={Davila, Jorge and Fridman, Leonid and Levant, Arie},
  journal={IEEE Transactions on Automatic Control},
  volume={50},
  number={11},
  pages={1785--1789},
  year={2005},
  publisher={IEEE},
  doi={10.1109/TAC.2005.858636},
  keywords={second-order sliding mode, observer, mechanical systems}
}

% ========================================
% Adaptive and Nonlinear Control
% ========================================







% ========================================
% Particle Swarm Optimization
% ========================================



@book{clerc2002particle,
  title={Particle Swarm Optimization},
  author={Clerc, Maurice},
  year={2002},
  publisher={ISTE},
  address={London, UK},
  isbn={9781905209040},
  keywords={particle swarm optimization, swarm intelligence}
}



% ========================================
% Multi-objective Optimization
% ========================================



@book{deb2001multi,
  title={Multi-objective optimization using evolutionary algorithms},
  author={Deb, Kalyanmoy},
  year={2001},
  publisher={John Wiley \& Sons},
  address={Chichester, UK},
  isbn={9780471873396},
  keywords={multi-objective optimization, evolutionary algorithms, NSGA}
}

% ========================================
% Inverted Pendulum Systems
% ========================================

@article{furuta2003swing,
  title={Swing-up control of inverted pendulum systems},
  author={Furuta, Katsuhisa and Yamakita, Masaki and Kobayashi, Shigenori},
  journal={Automatica},
  volume={28},
  number={2},
  pages={269--277},
  year={1992},
  publisher={Elsevier},
  doi={10.1016/0005-1098(92)90027-Q},
  keywords={inverted pendulum, swing-up control, energy methods}
}

@article{boubaker2013double,
  title={The inverted pendulum: A fundamental benchmark in control theory and robotics},
  author={Boubaker, Olfa},
  journal={International Conference on Education and e-Learning Innovations},
  pages={1--6},
  year={2012},
  organization={IEEE},
  doi={10.1109/ICEELI.2012.6360569},
  keywords={inverted pendulum, benchmark, control theory}
}

@article{prasad2014double,
  title={Modeling and simulation of double inverted pendulum},
  author={Prasad, L Bharat and Tyagi, Barjeev and Gupta, Hari Om},
  journal={International Journal of Electrical and Computer Engineering},
  volume={4},
  number={2},
  pages={221--235},
  year={2014},
  keywords={double inverted pendulum, modeling, simulation}
}

% ========================================
% Experimental and Implementation
% ========================================

@article{mills2009control,
  title={Control system implementation for the pendubot},
  author={Mills, Andrew and Wills, Adrian and Ninness, Brett},
  journal={IFAC Proceedings Volumes},
  volume={42},
  number={6},
  pages={218--223},
  year={2009},
  publisher={Elsevier},
  doi={10.3182/20090506-3-SF-4003.00041},
  keywords={pendubot, control implementation, experimental}
}

@article{wang2011experimental,
  title={Experimental validation of sliding mode control for inverted pendulum system},
  author={Wang, Jing and Rad, Ahmad B and Chan, Peter T},
  journal={International Journal of Control, Automation and Systems},
  volume={3},
  number={2},
  pages={206--212},
  year={2005},
  keywords={sliding mode control, inverted pendulum, experimental validation}
}

% ========================================
% Lyapunov Theory and Stability
% ========================================



@article{filippov1988differential,
  title={Differential equations with discontinuous righthand sides: control systems},
  author={Filippov, Aleksei F},
  journal={Mathematics and its Applications},
  volume={18},
  year={1988},
  publisher={Springer},
  isbn={9789027726995},
  keywords={differential equations, discontinuous systems, control}
}

% ========================================
% Numerical Methods and Simulation
% ========================================

@book{hairer1993solving,
  title={Solving ordinary differential equations I: nonstiff problems},
  author={Hairer, Ernst and N{\o}rsett, Syvert Paul and Wanner, Gerhard},
  year={1993},
  edition={2nd},
  publisher={Springer},
  address={Berlin, Germany},
  isbn={9783540566700},
  keywords={ordinary differential equations, numerical methods}
}

@book{ascher1998computer,
  title={Computer methods for ordinary differential equations and differential-algebraic equations},
  author={Ascher, Uri M and Petzold, Linda R},
  year={1998},
  publisher={SIAM},
  address={Philadelphia, PA},
  isbn={9780898714128},
  keywords={differential equations, numerical methods, computer methods}
}

% ========================================
% Control System Software and Tools
% ========================================

@article{matlab2023control,
  title={Control System Toolbox User's Guide},
  author={{The MathWorks, Inc.}},
  year={2023},
  note={Version R2023b},
  url={https://www.mathworks.com/help/control/},
  keywords={MATLAB, control systems, software}
}

@article{scipy2020,
  title={SciPy 1.0: fundamental algorithms for scientific computing in {P}ython},
  author={Virtanen, Pauli and Gommers, Ralf and Oliphant, Travis E and others},
  journal={Nature Methods},
  volume={17},
  number={3},
  pages={261--272},
  year={2020},
  publisher={Nature Publishing Group},
  doi={10.1038/s41592-019-0686-2},
  keywords={SciPy, Python, scientific computing}
}

% ========================================
% Recent Advances and Applications
% ========================================

@article{utkin2016discussion,
  title={Discussion aspects of high-order sliding mode control},
  author={Utkin, Vadim and Poznyak, Alexander},
  journal={IEEE Transactions on Automatic Control},
  volume={61},
  number={3},
  pages={829--833},
  year={2016},
  publisher={IEEE},
  doi={10.1109/TAC.2015.2450571},
  keywords={high-order sliding mode, discussion, control theory}
}

@article{chen2019adaptive,
  title={Adaptive sliding mode control for uncertain nonlinear systems with arbitrary relative degree},
  author={Chen, Mou and Yu, Jing},
  journal={Automatica},
  volume={50},
  number={7},
  pages={1857--1865},
  year={2014},
  publisher={Elsevier},
  doi={10.1016/j.automatica.2014.04.006},
  keywords={adaptive sliding mode, uncertain systems, relative degree}
}

% ========================================
% Additional Control Theory References
% ========================================







@article{van2006analysis,
  title={A convergence proof for the particle swarm optimizer},
  author={Van den Bergh, Frans and Engelbrecht, Andries P},
  journal={Fundamenta Informaticae},
  volume={105},
  number={4},
  pages={341--374},
  year={2010},
  publisher={IOS Press},
  keywords={particle swarm optimization, convergence analysis, proof}
}

