













@book{hansen1998rank,
  author = {Hansen, Per Christian},
  title = {Rank-Deficient and Discrete Ill-Posed Problems: Numerical Aspects of Linear Inversion},
  publisher = {Society for Industrial and Applied Mathematics},
  year = {1998},
  doi = {10.1137/1.9780898719697},
  url = {https://doi.org/10.1137/1.9780898719697},
  isbn = {978-0-89871-403-6}
}

@article{dormand1980family,
  author = {Dormand, J. R. and Prince, P. J.},
  title = {A family of embedded Runge-Kutta formulae},
  journal = {Journal of Computational and Applied Mathematics},
  volume = {6},
  number = {1},
  pages = {19--26},
  year = {1980},
  doi = {10.1016/0771-050X(80)90013-3},
  url = {https://doi.org/10.1016/0771-050X(80)90013-3}
}

@book{butcher2003numerical,
  author = {Butcher, J. C.},
  title = {Numerical Methods for Ordinary Differential Equations},
  publisher = {John Wiley \& Sons},
  year = {2003},
  edition = {Second},
  doi = {10.1002/0470868279},
  url = {https://doi.org/10.1002/0470868279},
  isbn = {978-0-471-96758-3}
}